2875 4234
500 392 569 442 Lm.
593 393 646 442 v11
668 384 849 460 448-501.

214 536 303 596 elisus
323 535 403 596 lituis
424 543 630 613 conceptaque
651 536 774 597 classica
795 559 897 609 cornu,

213 643 286 691 tunc
305 652 395 692 ausae
416 633 487 693 dare
508 631 592 710 signa
613 637 711 707 tubae,
735 646 806 694 tunc
826 638 946 696 aethera
966 639 1062 698 tendit

214 731 395 808 extremique
415 732 512 808 fragor
531 751 667 791 conuexa
686 731 828 810 inrumpit
850 734 980 811 Olympi,

213 828 294 886 unde
315 827 420 902 procul
440 829 545 900 nubes,
567 847 628 904 quo
650 829 732 887 nulla
752 830 884 888 tonitrua
904 830 1021 890 durant.
1085 878 1087 883 .

214 923 331 1000 excepit
351 924 465 983 resonis
486 927 646 984 clamorem
667 925 795 986 uallibus
817 930 962 1002 Haemus,

214 1020 399 1097 Peliacisque
420 1022 504 1081 dedit
526 1043 624 1083 rursus
644 1023 796 1100 geminare
817 1026 951 1086 cauernis
960 1049 969 1100 3

213 1117 326 1178 Pindus
345 1118 406 1195 agit
426 1119 569 1194 fremitus,
593 1123 790 1198 Pangaeaque
811 1142 881 1182 saxa
902 1126 1051 1200 resultant,

212 1218 404 1293 Oetaeaeque
424 1230 548 1295 gemunt
568 1240 657 1296 rupes
667 1240 676 1292 3
703 1239 852 1297 uocesque
873 1222 977 1282 furoris

211 1333 359 1390 expauere
380 1315 426 1375 sui
448 1327 511 1376 tota
532 1318 637 1377 tellure
657 1319 774 1378 relatas.

211 1411 354 1489 spargitur
374 1412 562 1473 innumerum
585 1415 709 1475 diuersis
730 1415 841 1476 missile
862 1419 958 1478 uotis:

211 1511 334 1570 uolnera
353 1531 422 1587 pars
444 1523 537 1588 optat,
560 1533 628 1589 pars
649 1524 742 1573 terrae
764 1516 852 1590 figere
873 1517 931 1576 tela

139 1637 143 1644 ·
210 1627 248 1666 ac
267 1628 356 1684 puras
376 1629 494 1670 seruare
515 1630 628 1671 manus.
673 1613 750 1688 rapit
771 1612 873 1671 omnia
893 1632 988 1685 casus,

210 1719 302 1784 atque
322 1708 434 1767 incerta
455 1709 525 1768 facit
547 1728 622 1784 quos
644 1711 708 1769 uolt
730 1712 861 1769 Fortuna
881 1726 1032 1772 nocentes.
1122 1723 1171 1786 488

210 1815 281 1863 tunc
301 1815 331 1864 et
353 1805 463 1865 Ituraei
487 1807 631 1883 Medique
651 1809 827 1883 Arabesque
847 1809 943 1883 soluti,
1124 1835 1171 1886 5¹4

210 1923 279 1963 arcu
301 1905 388 1963 turba
409 1903 517 1975 minax,
539 1924 687 1981 nusquam
709 1926 808 1965 rexere
829 1909 967 1983 sagittas,
1125 1930 1170 1982 515

210 2002 263 2061 sed
284 2001 393 2078 petitur
413 2004 494 2062 solus
515 2001 567 2079 qui
588 2004 702 2080 campis
723 2003 848 2064 inminet
869 2025 936 2079 aer,
1014 1999 1016 2005 ’

211 2101 280 2160 inde
301 2104 413 2161 cadunt
435 2114 565 2174 mortes,
592 2101 711 2162 sceleris
733 2103 786 2161 sed
807 2102 930 2161 crimine
952 2088 1035 2162 nullo
1125 2106 1128 2119 ²

211 2210 364 2258 externum
385 2200 536 2258 maculant
556 2199 732 2275 chalybem:
761 2199 841 2259 stetit
863 2221 951 2259 omne
973 2214 1109 2261 coactum

210 2297 288 2356 circa
307 2297 369 2375 pila
389 2299 481 2357 nefas.
518 2299 595 2357 ferro
616 2297 782 2357 subtexitur
802 2299 911 2370 aether,

209 2415 328 2473 noxque
349 2415 437 2471 super
457 2414 580 2470 campos
603 2395 667 2454 telis
689 2407 825 2455 conserta
845 2396 995 2473 pependit.
1124 2421 1171 2472 520

210 2494 263 2553 sed
284 2505 377 2571 quota
397 2513 465 2569 pars
485 2491 579 2552 cladis
599 2491 701 2552 iaculis
722 2496 858 2570 ferroque
880 2494 993 2554 uolanti
1122 2507 1170 2568 489

210 2605 313 2652 exacta
333 2594 400 2651 est?
442 2590 621 2672 odiissolus
642 2590 779 2650 ciuilibus
800 2591 878 2651 ensis

210 2690 317 2750 sufficit
337 2701 368 2750 et
389 2691 506 2750 dextras
528 2692 668 2748 Romana
687 2688 718 2747 in
740 2689 853 2749 uiscera
873 2691 963 2751 ducit.

211 2787 337 2865 Pompei
357 2787 457 2846 densis
478 2784 557 2846 acies
578 2785 687 2863 stipata
708 2787 835 2847 cateruis

210 2886 344 2946 iunxerat
365 2884 396 2944 in
418 2885 523 2946 seriem
545 2885 627 2945 nexis
649 2865 831 2945 umbonibus
853 2907 940 2958 arma,

209 2985 318 3061 uixque
340 2983 476 3043 habitura
497 2984 596 3044 locum
618 2986 736 3043 dextras
758 3004 793 3042 ac
816 2986 874 3043 tela
894 2982 1036 3042 mouendi

209 3084 383 3142 constiterat
403 3082 577 3158 gladiosque
599 3102 668 3140 suos
689 3102 859 3158 compressa
880 3082 1012 3140 timebat.
1121 3102 1169 3155 495

209 3178 363 3256 praecipiti
384 3198 471 3238 cursu
492 3198 655 3237 uaesanum
676 3174 941 3255 Caesarisagmen

209 3277 241 3336 in
261 3277 371 3337 densos
392 3278 487 3353 agitur
507 3296 619 3337 cuneos
639 3297 752 3355 perque
774 3296 863 3348 arma,
886 3295 939 3352 per
959 3277 1076 3335 hostem

209 3378 323 3452 quaerit
343 3376 406 3436 iter.
450 3395 510 3452 qua
531 3386 607 3436 torta
627 3395 731 3452 graues
754 3374 845 3434 lorica
866 3386 986 3435 catenas

209 3475 337 3553 opponit
359 3485 483 3551 tutoque
504 3475 575 3534 latet
598 3476 654 3533 sub
676 3473 806 3550 tegmine
827 3486 942 3549 pectus,

209 3573 267 3632 hac
288 3593 409 3650 quoque
431 3584 608 3650 peruentum
629 3582 675 3632 est
694 3573 734 3633 ad
752 3571 882 3645 uiscera,
898 3583 1013 3648 totque
1026 3591 1087 3645 per
1103 3586 1198 3624 ma

208 3680 369 3728 extremum
390 3680 437 3730 est
457 3670 543 3748 quod
564 3668 699 3750 quisque
718 3669 802 3734 ierit.
849 3667 960 3730 c'uih'ra
972 3665 1072 3724 unta
1171 3666 1229 3718 ψ

227 3799 257 3840 Ρ.
270 3798 299 3838 L.
1150 3778 1174 3814 ‘²‘
