2875 4234
494 380 564 430 ma.
587 379 640 427 v11
666 367 844 445 385-447.
1135 378 1169 444 15

210 529 243 590 hi
262 539 386 607 possent
408 529 526 605 explere
548 527 611 598 uiri,
633 545 709 602 quos
731 525 863 602 undique
884 523 971 584 traxit
1125 546 1173 599 4¹5

208 628 240 688 in
261 624 397 685 miseram
420 626 553 683 Fortuna
574 642 687 694 necem,
711 623 783 681 dum
804 640 928 681 munera
948 619 1029 698 longi

209 722 336 800 explicat
357 721 486 798 eripiens
506 719 581 792 aeui,
602 722 791 797 populosque
812 720 963 794 ducesque

209 819 363 883 constituit
383 817 506 896 campis,
529 839 582 897 per
603 838 678 896 quos
699 818 762 891 tibi,
785 821 893 890 Roma,
915 816 1012 877 ruenti

210 922 349 983 ostendat
370 939 460 996 quam
481 937 590 995 magna
609 918 707 977 cadas.
751 936 812 994 quo
833 915 921 977 latius
942 918 1044 976 orbem

210 1017 353 1096 possedit,
375 1017 461 1076 citius
482 1036 535 1093 per
555 1035 697 1093 prospera
718 1017 778 1075 fata
799 1014 932 1075 cucurrit

149 1186 151 1190 ι
211 1136 300 1177 omne
322 1114 377 1176 tibi
398 1117 518 1194 bellurn·
530 1126 635 1192 gentes
656 1114 740 1173 dedit
761 1113 902 1173 omnibus
923 1113 1026 1174 annis:

211 1226 241 1274 te
262 1214 413 1292 geminum
435 1213 525 1272 Titan
547 1212 709 1289 procedere
731 1211 804 1272 uidit
826 1211 856 1270 in
877 1232 981 1272 axem:

212 1313 294 1371 haud
315 1313 441 1371 multum
465 1321 558 1370 terrae
579 1310 708 1386 spatium
730 1311 859 1370 restabat
881 1313 972 1382 ane,

211 1421 244 1470 ut
265 1409 319 1470 tibi
341 1428 408 1480 nox,
430 1407 485 1468 tibi
506 1420 569 1468 tota
590 1409 664 1481 dies,
686 1407 740 1467 tihi
761 1420 887 1468 curreret
909 1408 1018 1477 aether,

212 1507 372 1584 omniaque
393 1518 522 1567 errantes
543 1507 646 1567 stellae
667 1509 807 1565 Romana
828 1505 972 1567 uiderent.

213 1606 265 1666 sed
286 1616 363 1664 retro
385 1615 436 1663 tna
456 1596 516 1663 fata
536 1603 604 1664 tulit
625 1624 679 1681 par
700 1603 839 1663 omnibus
860 1603 947 1663 annis

214 1702 370 1763 Emathiae
393 1703 510 1761 funesta
531 1702 602 1761 dies.
646 1703 703 1760 hac
724 1702 789 1760 luce
810 1713 932 1761 omenta

214 1805 351 1863 effectum
372 1811 406 1860 ut
427 1798 529 1859 Latios
551 1818 612 1859 non
633 1800 751 1858 horreat
773 1798 861 1858 India
882 1801 984 1870 fasces,
1014 1785 1016 1790 ’

214 1920 271 1961 nec
290 1898 399 1960 uetitos
420 1917 516 1958 errare
538 1899 641 1958 Dahas
662 1897 693 1956 iu
715 1895 835 1972 moenia
856 1899 946 1956 ducat

214 1996 467 2072 Sarmaticumque
487 2006 602 2072 premat
623 1996 791 2055 succinctus
811 1997 915 2055 consul
933 2006 1073 2055 aratrum:
1128 2018 1177 2068 430

215 2096 297 2171 quod
319 2113 437 2170 semper
458 2113 562 2155 saeuas
584 2095 675 2153 debet
697 2093 752 2153 tibi
773 2094 893 2152 Parthia
913 2114 1034 2170 poenas,

215 2192 297 2269 quod
317 2191 433 2269 fugiens
453 2189 540 2252 ciuile
561 2193 643 2251 nefas
664 2190 853 2268 redituraque
874 2210 1036 2267 numquam

214 2289 334 2351 libertas
355 2292 431 2349 ultra
451 2288 563 2365 Tigrim
586 2289 788 2365 Rhenumque
809 2289 938 2362 recessit,

215 2408 252 2448 ac
271 2388 381 2453 totiens
402 2385 491 2445 nobis
511 2386 613 2463 iugulo
634 2389 769 2463 quaesita
790 2398 920 2464 uagatur,

216 2487 399 2545 Germanum
422 2483 653 2561 Scythicumque
675 2485 796 2556 bonum,
820 2505 875 2545 nec
897 2484 1015 2562 respicit
1037 2487 1110 2545 ultra

216 2580 388 2641 Ausoniam.
433 2584 550 2656 uellem,
573 2581 692 2659 populis
714 2582 864 2658 incognita
885 2583 992 2642 nostris
1130 2591 1178 2654 436

217 2678 340 2738 uolturis
362 2690 395 2740 ut
416 2681 543 2756 primum
564 2681 651 2740 laeuo
672 2681 796 2740 fundata
816 2682 917 2740 uolatu

218 2779 365 2837 Romulus
386 2777 488 2837 infami
511 2776 672 2855 compleuit
692 2778 812 2838 moenia
833 2781 909 2852 luca,

218 2895 311 2951 usque
332 2876 372 2935 ad
392 2874 579 2936 Thessalicas
600 2875 748 2947 semisses,
772 2878 878 2948 Roma,
901 2876 1019 2962 ruinas-

217 2972 257 3033 de
278 2972 385 3046 Brutis,
408 2976 547 3045 Fortuna,
571 2993 686 3050 queror.
730 2973 802 3049 quid
824 2984 958 3050 tempora
978 2976 1076 3051 legum
1130 2996 1180 3045 440

218 3071 332 3148 egimus
352 3082 404 3132 aut
424 3090 520 3132 annos
540 3092 559 3131 a
579 3072 703 3132 consule
724 3089 835 3131 nomen
857 3071 1015 3132 habentis?

218 3167 318 3228 felices
339 3168 452 3228 Arabes
475 3168 621 3244 Medique
642 3170 767 3243 anque
789 3170 882 3239 tellus,

218 3285 308 3343 quam
330 3266 386 3326 sub
406 3268 555 3344 perpetuis
576 3276 734 3325 tenuerunt
754 3265 814 3324 fata
835 3263 974 3341 tyrannis.

220 3381 256 3423 ex
277 3362 396 3440 populis
416 3361 467 3439 qui
488 3382 579 3440 regna
599 3364 695 3423 serunt
716 3380 779 3422 sors
800 3359 903 3421 ultima
924 3372 1023 3420 nostra
1045 3372 1096 3432 est,

220 3479 296 3538 quos
316 3460 425 3521 seruire
445 3462 548 3537 pudet.
592 3472 660 3520 sunt
681 3459 768 3521 uobis
789 3461 870 3520 nulla
890 3461 1024 3536 profecto
1131 3475 1180 3530 445

220 3555 359 3617 numina:
387 3577 456 3618 curn
478 3577 569 3618 caeco
589 3558 739 3635 rapiantur
760 3559 877 3617 saecula
898 3576 981 3627 casu,

220 3654 381 3714 mentimur
401 3675 524 3733 regnare
546 3658 664 3718 Iouem.
707 3655 867 3737 spectahit
886 3657 929 3716 ah
949 3656 1018 3711 ahto
