2875 4234
224 393 264 453 28
475 400 614 450 nvcnru
637 400 687 448 nn
711 398 831 448 nunno
854 398 969 448 crvrnr

263 568 324 608 non
345 546 527 625 interpositis
549 559 670 607 urantur
690 566 816 624 corpora
837 546 973 605 fiammis.
1180 553 1229 620 805
1311 552 1313 557 '

262 657 314 706 aut
334 645 434 722 generi
456 645 480 705 si
500 664 599 721 poena
620 645 710 716 iuuat,
733 665 839 704 nemus
861 656 962 705 extrue
984 642 1080 715 Pindi,

263 744 341 819 erige
362 754 517 820 congestas
539 745 655 804 Oetaeo
676 746 783 803 robore
804 742 903 812 siluas,

263 841 464 902 Thessalicam
486 840 588 901 uideat
611 840 772 917 Pompeius
793 840 831 899 ab
853 859 982 916 aequore
1004 840 1163 897 flanunam.

263 941 305 1001 nil
325 939 387 1016 agis
408 942 465 998 hac
486 940 546 1001 ira:
574 943 699 1000 tabesne
720 940 867 999 cadauera
889 940 985 998 soluat

264 1058 303 1097 an
323 1058 419 1114 rogus,
442 1039 523 1097 haud
544 1041 632 1098 refert
644 1058 652 1111 3
680 1038 800 1114 placido
822 1039 937 1095 Natura
957 1046 1087 1113 receptat
1180 1045 1231 1096 810

264 1148 372 1196 cuncta
393 1135 466 1207 sinu,
488 1138 637 1212 finemque
659 1135 703 1194 sui
725 1135 781 1194 sibi
802 1154 927 1211 corpora
948 1135 1067 1194 debent.

264 1236 327 1307 hos,
350 1237 468 1307 Caesar,
490 1236 616 1311 populos
638 1234 662 1292 si
683 1252 765 1292 nunc
787 1253 847 1292 non
869 1233 974 1292 usserit
994 1230 1078 1309 ignis,

265 1344 328 1392 uret
349 1352 417 1391 curn
439 1331 528 1403 terris,
550 1343 614 1392 uret
635 1351 703 1390 cum
725 1330 839 1408 gurgite
860 1330 953 1408 ponti.

264 1428 431 1488 communis
452 1430 566 1489 mundo
588 1441 720 1506 superest
741 1448 829 1504 rogus
851 1428 968 1488 ossibus
989 1440 1066 1488 astra

264 1527 415 1586 mixturus.
458 1547 649 1604 quocumque
671 1538 752 1586 tuam
776 1529 907 1586 Fortuna
929 1525 1057 1598 uocabit,
1180 1535 1228 1598 815

265 1625 321 1684 hae
342 1644 462 1701 quoque
484 1636 555 1684 eunt
577 1624 711 1685 animae:
741 1643 802 1684 non
825 1623 912 1683 altius
934 1623 990 1684 ibis
1012 1624 1041 1683 in
1063 1643 1156 1697 auras,

265 1741 326 1781 non
347 1722 468 1782 meliore
489 1723 558 1781 loco
579 1721 678 1799 Stygia
699 1724 756 1782 sub
778 1733 866 1782 nocte
887 1721 1005 1782 iacebis.

265 1822 357 1879 libera
378 1821 512 1878 fortunae
534 1839 612 1879 mors
634 1832 696 1879 est:
726 1808 927 1896 capitomnia
948 1821 1043 1892 tellus,

265 1938 341 1995 quae
361 1916 479 1994 genuit:
509 1920 593 1977 caelo
616 1917 723 1995 tegitur
745 1917 795 1992 qui
817 1937 879 1976 non
901 1918 992 1977 habet
1013 1936 1125 1975 urnam.

266 2025 306 2087 tu,
328 2014 469 2075 cuidant
491 2035 603 2091 poenas
624 2013 779 2075 inhumato
801 2017 902 2076 funere
924 2027 1035 2092 gentes,
1180 2023 1230 2072 820

265 2113 337 2190 quid
358 2115 434 2190 fugis
455 2115 532 2173 hanc
554 2114 694 2173 cladem?
723 2113 795 2190 quid
816 2116 931 2174 olentes
953 2113 1062 2174 deseris
1083 2116 1191 2190 agros?

265 2212 318 2270 has
339 2211 430 2282 trahe,
453 2214 571 2282 Caesar,
594 2231 707 2287 aquas;
736 2213 802 2285 hoc,
825 2210 850 2270 si
872 2224 966 2289 potes,
989 2223 1072 2272 utere
1093 2211 1186 2270 caelo.

265 2310 318 2369 sed
339 2309 392 2369 tibi
414 2310 549 2369 tabentes
571 2309 673 2386 populi
695 2310 864 2370 Pharsalica
883 2331 949 2370 rura

266 2407 393 2483 eripiunt
414 2427 597 2484 camposque
618 2418 720 2467 tenent
742 2406 854 2468 uictore
875 2411 985 2485 fugato.

334 2576 392 2632 Tlre
411 2576 502 2633 beasts
522 2575 586 2632 and
602 2575 682 2633 birds
701 2576 768 2633 tlzut
777 2576 893 2649 J‘eastea’
910 2595 946 2634 on
967 2577 1015 2633 the
1033 2576 1118 2633 slain.

307 2673 378 2755 hlon
400 2697 495 2754 solum
518 2695 682 2755 Haemonii
702 2697 819 2755 funesta
839 2697 877 2755 ad
899 2698 1008 2772 pabula
1028 2696 1098 2755 belli
1181 2705 1228 2767 825

215 2780 219 2827 ἶ
267 2792 392 2853 Bistonii
414 2812 522 2852 uenere
543 2794 615 2869 lupi,
638 2794 799 2870 tabemque
820 2806 958 2854 cruentae

215 2878 219 2887 ’
265 2890 365 2950 caedis
387 2889 502 2949 odorati
523 2891 658 2950 Pholoen
679 2890 791 2968 liquere
812 2893 922 2952 leones

266 3000 338 3048 tunc
359 3008 444 3048 ursae
466 2990 601 3059 latebras,
624 2990 766 3049 obscaeni
788 3002 867 3050 tecta
888 2992 1055 3067 domosque

266 3087 421 3146 deseruere
443 3107 539 3160 canes,
563 3100 593 3146 et
613 3087 761 3164 quidquid
782 3108 852 3147 nare
874 3089 972 3165 sagaci

266 3204 333 3243 aera
353 3204 415 3243 non
437 3204 543 3244 sanum
564 3196 737 3262 motumque
759 3187 905 3246 cadauere
927 3185 1024 3247 sentit.
1181 3194 1230 3258 830

265 3282 384 3358 iamque
405 3282 457 3342 diu
479 3286 614 3344 uolucres
635 3283 734 3343 ciuilia
755 3296 850 3344 castra
871 3296 992 3344 secutae

266 3378 455 3440 conueniunt.
499 3401 562 3454 uos,
585 3402 662 3458 quae
684 3383 755 3442 Nilo
776 3394 890 3442 mutare
911 3382 1012 3443 soletis

265 3477 417 3537 Threicias
438 3478 559 3550 hiemes,
582 3480 621 3539 ad
643 3481 762 3540 mollem
785 3481 876 3541 serius
898 3485 1038 3542 Austrum

266 3576 338 3648 istis,
359 3597 439 3636 aues.
482 3597 645 3653 numquam
667 3589 751 3637 tanto
772 3598 804 3637 se
825 3580 939 3639 uolture
960 3583 1076 3638 caelum

267 3673 362 3732 induit
383 3684 435 3731 aut
453 3675 553 3748 plures
573 3687 743 3751 presserunt
764 3697 831 3735 aera
852 3679 970 3752 pinnae.
1180 3685 1227 3746 835
