2875 4234
181 357 217 402 12
429 348 566 397 LVCANI
591 349 640 398 DE
665 349 783 399 BELLO
806 349 919 398 CIVILI

215 489 308 570 ignoti
328 490 459 570 iugulum
480 504 635 571 tamquam
656 496 752 555 scelus
772 492 890 570 inputet
911 491 1013 554 hostis.
1129 519 1179 571 3²5

216 588 336 652 sternite
356 591 415 651 iam
436 593 548 652 uallum
569 595 722 669 fossasque
743 592 855 668 inplete
875 591 969 666 ruina,

216 700 302 750 exeat
321 698 356 748 ut
375 687 470 767 plenis
490 688 569 750 acies
591 709 653 749 non
674 709 776 767 sparsa
796 689 936 767 maniplis
945 710 955 763 3

215 788 327 865 parcite
347 807 385 848 ne
406 786 526 848 castris:
553 789 633 847 uallo
654 787 784 848 tendetis
805 787 836 847 in
856 788 908 848 illo

216 887 297 948 unde
317 885 395 947 acies
415 884 545 963 peritura
565 884 666 947 uenit’

427 1053 487 1113 Tae
510 1053 684 1112 Caesariuns
705 1057 776 1114 rush
798 1064 826 1114 to
845 1076 933 1115 arms.

682 1177 733 1238 uix
754 1189 862 1238 cuncta
882 1180 983 1239 locuto

218 1276 345 1336 Caesare
367 1293 517 1350 quemque
538 1294 624 1334 suum
646 1294 754 1334 munus
776 1274 874 1348 trahit,
895 1294 1036 1353 armaque
1057 1277 1164 1355 raptim

218 1382 337 1447 sumpta
358 1372 508 1447 Ceresque
529 1371 605 1430 uiris
648 1371 770 1447 capiunt
791 1371 943 1450 praesagia
965 1374 1035 1433 belli
1130 1398 1176 1449 33¹

218 1469 395 1546 calcatisque
416 1481 504 1531 ruunt
524 1467 626 1529 castris
636 1492 645 1544 3
673 1480 752 1529 stant
773 1469 877 1530 ordine
898 1473 988 1547 nullo,

133 1605 135 1610 -
218 1577 280 1627 arte
300 1564 385 1626 ducis
406 1568 504 1640 nulla3
533 1565 707 1643 permittunt
729 1566 830 1627 omnia
850 1567 925 1628 satis.

219 1662 243 1721 si
265 1661 388 1723 totidem
411 1662 514 1740 Magni
536 1682 655 1723 soceros
676 1662 861 1740 totidemque
882 1674 1018 1741 petentes

219 1758 298 1818 urbis
318 1778 408 1835 regua
427 1778 498 1819 suae
518 1761 636 1820 funesto
657 1759 688 1818 in
710 1762 808 1820 Marte
830 1761 967 1834 locasses,
1132 1780 1180 1836 335

218 1874 280 1914 non
302 1866 363 1914 tam
384 1854 537 1932 praecipiti
558 1865 675 1916 ruerent
696 1854 728 1914 in
748 1855 860 1933 proelia
880 1876 974 1917 cursu.

339 2021 484 2097 Pornpey's
494 2020 618 2097 seelings
638 2021 703 2079 and
718 2022 812 2098 speech
832 2028 861 2080 to
880 2021 927 2080 lais
947 2040 1016 2080 mem

259 2143 344 2205 Vidit
364 2156 396 2204 ut
416 2147 538 2205 hostiles
558 2144 590 2204 in
610 2156 724 2205 rectum
746 2143 824 2204 exire
846 2156 979 2206 cateruas

221 2241 379 2318 Pompeius
400 2243 555 2319 nullasque
574 2261 672 2302 moras
694 2241 864 2318 permittere
885 2243 973 2315 bello,

220 2338 274 2397 sed
294 2336 407 2414 superis
426 2338 572 2415 placuisse
592 2338 681 2410 diem,
704 2348 763 2397 stat
783 2339 873 2398 corde
893 2340 992 2415 gelato

219 2436 372 2506 attonitus,
394 2444 536 2513 tantoque
558 2435 626 2495 duci
648 2435 691 2495 sic
711 2455 793 2494 arma
814 2435 917 2495 timere
1133 2459 1181 2510 340

221 2550 310 2591 omen
330 2542 399 2591 erat
447 2532 554 2609 premit
568 2532 647 2592 inde
668 2545 764 2592 metus
787 2543 942 2608 totumque
962 2552 1014 2609 per
1034 2552 1140 2610 agmen

220 2628 338 2689 sublimi
360 2642 533 2707 praeuectus
554 2650 633 2707 equo
657 2632 773 2705 ‘Quem
795 2631 922 2709 flagitat'
942 2630 1039 2708 inquit

222 2732 337 2788 ‘uestra
357 2727 436 2788 diem
459 2727 558 2800 uirtus,
580 2727 646 2787 finis
667 2726 804 2787 ciuilibus
824 2727 912 2788 armis

222 2843 310 2900 quem
332 2823 494 2901 quaesistis,
516 2826 609 2884 adest.
654 2835 731 2883 totas
753 2823 897 2884 effundite
917 2823 1013 2897 uires;

222 2934 384 2983 extremum
404 2922 469 2982 ferri
491 2933 625 2999 superest
646 2941 731 3000 opus,
754 2942 873 3000 unaque
894 2923 992 3000 gentis
1134 2945 1182 2999 345

222 3021 295 3081 hora
316 3020 410 3080 trahit.
453 3017 585 3097 quisquis
607 3019 733 3097 patriam
755 3039 898 3096 carosque
920 3032 1051 3099 penates,

223 3116 275 3194 qui
295 3119 429 3176 subolem
450 3136 486 3175 ac
507 3117 653 3176 thalamos
674 3117 849 3192 desertaque
874 3116 997 3195 pignora
1018 3117 1140 3195 quaerit,

223 3234 295 3274 ense
316 3225 415 3291 petat:
444 3213 544 3274 medio
565 3212 664 3290 posuit
685 3213 759 3274 deus
781 3213 882 3275 omnia
902 3234 1019 3292 campo.

224 3332 313 3372 causa
332 3311 414 3372 iubet
435 3311 538 3373 melior
558 3330 680 3388 superos
702 3331 819 3388 sperare
840 3313 996 3372 secundos.

223 3407 280 3486 ipsi
301 3411 360 3469 tela
379 3419 480 3486 regent
501 3428 554 3485 per
573 3408 688 3468 uiscera
709 3409 854 3483 Caesaris,
876 3407 932 3486 ipsi
1134 3429 1184 3483 350

225 3507 378 3566 Romanas
399 3506 511 3565 sancire
531 3506 635 3564 nolent
655 3506 713 3563 hoc
735 3503 878 3582 sanguine
899 3507 986 3582 leges.

225 3601 250 3662 si
270 3622 373 3663 socero
394 3602 464 3662 dare
484 3620 574 3678 regna
595 3620 663 3661 meo
684 3602 890 3678 mundumque
909 3610 1054 3678 pararent,
