2875 4234
401 339 538 389 LVCANI
562 338 611 387 DE
635 338 754 387 BELLO
775 338 890 387 CIVILl

190 489 401 568 prosilientque
421 487 507 548 acies.
551 487 662 563 pudeat
683 484 790 546 uicisse
811 496 958 546 eoactum.

190 585 215 646 si
235 587 313 646 duee
334 598 363 646 te
384 586 472 659 iusso,
494 587 518 644 si
541 584 628 645 nobis
648 585 727 646 bella
746 594 896 662 geruntur,

191 684 227 745 sit
248 682 325 753 iuris,
347 703 537 761 quocumque
559 681 659 755 uelint,
682 700 857 743 concurrere
876 699 993 759 campo.
1122 694 1159 745 80

191 780 264 855 quid
284 778 386 837 mundi
409 777 523 855 gladios
543 798 562 837 a
583 776 727 855 sanguine
747 776 884 838 Caesaris
904 779 1008 837 arces?

189 880 307 937 uibrant
329 881 388 937 tela
408 897 527 951 manus;
555 876 606 936 uix
627 879 710 953 signa
731 875 877 935 morantia
897 874 1054 952 quisquam

189 987 359 1051 exspectat:
388 995 521 1052 propera,
543 994 582 1034 ne
603 987 632 1034 te
653 986 703 1034 tua
725 973 848 1034 classica
868 972 1012 1049 linquant.

189 1073 262 1132 scire
284 1086 403 1133 senatus
424 1085 501 1145 auet,
525 1073 609 1131 miles
631 1084 667 1144 te,
693 1075 814 1149 Magne,
836 1081 984 1149 sequatur,

188 1191 225 1230 an
248 1175 367 1231 comes!

469 1328 530 1386 The
547 1328 627 1403 reply
647 1326 684 1401 of
696 1327 826 1401 Pompey.

375 1444 520 1523 ingemuit
540 1460 644 1521 rector,
667 1447 820 1523 sensitque
841 1449 964 1506 deorum
1117 1455 1151 1520 85

188 1564 253 1605 esse
274 1545 360 1605 dolos
382 1559 411 1604 et
433 1546 492 1605 fata
513 1565 584 1606 suae
605 1543 751 1604 contraria
772 1543 873 1604 menti.

189 1645 235 1702 ‘Si
257 1644 356 1719 placet
377 1645 450 1702 lroc’
472 1644 568 1720 inquit
590 1642 731 1715 ‘cunctis
754 1641 779 1701 si
799 1641 892 1703 milite
913 1643 1036 1718 Magno,

187 1758 248 1797 non
270 1741 346 1798 duce
367 1751 486 1816 tempus
508 1752 582 1818 eget,
606 1741 647 1799 nil
668 1743 744 1800 ultra
763 1741 824 1800 sata
845 1741 989 1799 morabor.

189 1835 322 1897 inuoluat
343 1839 470 1914 populos
492 1857 551 1897 una
573 1841 702 1898 Fortuna
723 1837 816 1910 ruina,
1034 1898 1040 1903 .

186 1933 283 2010 sitque
303 1935 458 1995 hominum
481 1954 606 2013 magnae
628 1938 679 1995 lux
699 1937 755 1995 ista
775 1935 938 1996 nouissima
959 1936 1041 2013 parti.
1114 1959 1149 2008 90

186 2041 285 2105 testor,
309 2036 415 2108 Roma,
438 2045 539 2094 tamen
561 2036 713 2110 Magnum,
737 2051 797 2110 quo
817 2045 926 2094 cuncta
946 2034 1083 2111 perirent,

189 2131 338 2207 accepisse
359 2132 448 2191 diem.
491 2133 588 2207 potuit
608 2131 661 2191 tibi
682 2133 804 2192 uolnere
824 2134 905 2191 nullo

186 2240 263 2288 stare
283 2230 367 2288 labor
388 2229 475 2302 belli;
503 2228 600 2305 potuit
621 2230 686 2288 sine
706 2229 799 2289 caede
820 2230 976 2291 subactum

188 2324 402 2402 captiuumque
422 2327 530 2386 ducem
553 2327 681 2386 uiolatae
701 2328 818 2387 tradere
838 2328 911 2403 paci.

187 2422 254 2499 quis
275 2423 361 2494 furor,
385 2443 404 2482 0
425 2424 515 2493 caeci,
537 2426 703 2484 scelerum?
743 2425 842 2485 ciuilia
862 2426 940 2485 bella
1113 2446 1146 2500 95

187 2520 297 2596 gesturi
318 2532 455 2580 metuunt
477 2539 514 2580 ne
535 2542 596 2581 non
618 2541 686 2580 cum
708 2521 851 2598 sanguine
872 2522 1016 2582 uincent?

186 2616 361 2677 abstulimus
382 2627 479 2688 terras,
502 2617 679 2678 exclusimus
700 2638 830 2695 aequore
851 2631 924 2695 tot0,

187 2716 226 2774 ad
246 2726 446 2791 praematuras
468 2725 600 2791 segetum
621 2715 720 2776 ieiuna
741 2717 858 2794 rapinas

185 2812 304 2888 agmina
324 2812 529 2889 compulimus,
552 2825 715 2890 uotumque
737 2815 888 2875 effecimus
908 2814 987 2875 hosti

185 2919 218 2968 ut
239 2911 340 2969 mallet
361 2909 450 2969 sterni
470 2910 574 2986 gladiis
596 2923 766 2987 mortesque
788 2931 907 2971 suorum
1098 2933 1146 2971 100

186 3008 362 3082 permiscere
382 3005 465 3066 meis
507 3007 577 3067 belli
598 3027 665 3084 pars
686 3028 795 3086 magna
815 3020 935 3086 peracta
956 3018 1001 3068 est

186 3101 239 3172 his,
261 3102 369 3177 quibus
390 3105 528 3163 effectum
549 3116 652 3164 estne
673 3125 804 3183 pugnam
826 3106 881 3166 tiro
902 3115 1044 3183 paueret3

186 3197 211 3256 si
231 3201 323 3260 modo
343 3199 459 3260 uirtutis
479 3202 604 3261 stimulis
625 3199 744 3279 iraeque
765 3205 862 3263 calore

186 3293 270 3370 signa
290 3306 403 3370 petunt.
446 3299 556 3357 multos
577 3297 607 3356 in
629 3319 745 3358 summa
765 3300 896 3376 pericula
916 3297 996 3359 misit

184 3390 301 3451 uenturi
322 3392 410 3451 timor
429 3390 495 3470 ipse
515 3393 592 3454 mali.
635 3396 810 3456 fortissimus
831 3395 881 3458 ille
901 3408 953 3468 est,
1097 3414 1143 3469 105

186 3486 247 3562 qui,
268 3498 422 3563 promptus
442 3491 604 3550 metuenda
624 3490 687 3567 pati
707 3492 732 3551 si
753 3493 920 3553 comminus
942 3492 1061 3565 instent,

187 3594 217 3642 et
238 3583 353 3644 differre
373 3595 479 3662 potest
515 3588 614 3663 placet
634 3588 709 3648 haec
729 3600 789 3650 tam
811 3608 954 3666 prospera
974 3609 1070 3651 rerum
