2875 4234
214 383 252 447 16
462 395 600 445 chnur
624 396 674 444 na
698 394 816 444 narro
839 394 954 444 crvrrr

249 544 369 604 aethere
389 542 587 614 Thessalicas,
609 551 708 602 teneat
729 561 798 601 cum
819 541 952 613 fulmina,
974 542 1104 603 caedes?

251 639 363 701 scilicet
384 639 448 717 ipse
468 651 550 717 petet
572 642 716 713 Pholoen,
738 650 820 716 petet
841 639 959 717 ignibus
981 641 1080 701 Oeten

252 737 475 814 immeritaeque
496 757 601 798 nemus
623 738 787 814 Rhodopes
808 737 956 814 pinusque
977 735 1151 799 Mimantis:

252 835 373 899 Cassius
394 836 452 894 hoc
473 833 572 910 potius
592 834 676 894 feriet
697 835 811 910 caput?
850 844 928 893 astra
948 835 1097 910 Thyestae
1161 854 1209 908 451

252 933 359 1004 intulit,
380 942 410 992 et
431 930 535 990 subitis
556 931 710 993 damnauit
732 931 871 991 noctibus
892 935 1007 1007 Argos:

251 1042 296 1092 tot
316 1028 426 1089 similes
446 1029 565 1087 fratrum
586 1028 700 1105 gladios
722 1039 897 1105 patrumque
917 1026 1030 1105 gerenti

251 1127 422 1188 Thessaliae
443 1126 525 1185 dabit
548 1126 597 1186 ille
618 1126 720 1186 diem?
761 1126 896 1199 mortalia
916 1125 989 1185 nulli

251 1238 319 1286 sunt
340 1234 439 1284 curata
460 1225 526 1283 deo.
569 1224 662 1283 cladis
683 1236 783 1284 tamen
805 1225 891 1283 huius
912 1224 1055 1283 habemus
1159 1243 1208 1295 455

251 1322 421 1392 uindictam,
444 1333 586 1397 quantam
608 1321 689 1381 terris
711 1324 782 1381 darc
804 1324 926 1380 numina
945 1323 989 1381 fas
1010 1333 1062 1381 est.

250 1423 328 1481 bella
349 1439 434 1498 pares
455 1419 568 1494 superis
588 1419 697 1480 facient
717 1419 817 1478 ciuilia
836 1418 922 1478 diuos
932 1442 941 1493 ;

249 1519 421 1577 fulminibus
443 1536 544 1576 manes
565 1515 713 1592 radiisque
735 1515 852 1575 ornabit
872 1527 902 1576 et
923 1517 1016 1590 astriS,

250 1615 339 1690 inque
360 1616 448 1673 deum
470 1614 589 1691 templis
609 1613 715 1673 iurabit
737 1616 836 1672 Roma
856 1632 909 1690 per
930 1617 1073 1730 umbras>

215 1831 273 1889 Tlre
299 1837 394 1905 pause
420 1827 510 1903 besara
537 1828 584 1884 tae
609 1828 702 1885 battle.
749 1828 783 1884 lt
809 1827 834 1884 is
860 1826 962 1884 broken
990 1826 1024 1901 by
1055 1825 1209 1884 Crastinus

290 1927 413 1999 harlr'ng
432 1925 478 1981 lais
499 1925 585 1982 lance.
630 1925 759 1982 Missiles
781 1923 843 1980 and
862 1925 980 1980 swords.
1022 1922 1208 1980 Lakewarm-

289 2042 350 2081 nass
370 2021 464 2097 oftlae
484 2023 655 2096 Pompeiana
676 2023 740 2079 aad
756 2023 868 2080 ardaur
886 2020 981 2096 afim
1004 2020 1186 2079 Caesariana.

289 2187 331 2245 Vt
351 2186 454 2262 rapido
475 2204 561 2244 cursu
582 2186 633 2244 fati
656 2203 793 2260 suprema
814 2195 979 2247 morantem
1158 2194 1209 2256 460

249 2301 459 2359 consumpsere
479 2284 588 2351 locum,
610 2300 703 2358 parua
724 2282 828 2341 tellure
849 2280 995 2357 dirempti,

250 2402 309 2459 quo
331 2401 385 2440 sua
405 2379 466 2456 pila
486 2380 603 2450 cadant,
626 2391 676 2439 aut
696 2397 788 2454 quam
810 2377 866 2438 sibi
886 2378 946 2437 fata
967 2377 1116 2438 minentur
1159 2391 1207 2454 463

250 2480 319 2539 inde
334 2496 464 2548 manum,
480 2487 634 2553 spectant3
655 2477 814 2551 uultusque
828 2495 864 2534 ac
877 2494 1000 2535 noscere
1015 2487 1143 2553 tempus,
1158 2488 1207 2550 462

249 2576 352 2637 facturi
373 2594 449 2652 quae
470 2585 601 2633 monstra
621 2575 725 2633 forent.
743 2572 869 2641 auidere
890 2585 1027 2650 parentes

248 2671 393 2731 frontibus
414 2669 546 2729 aduersis
567 2669 752 2744 fraternaque
774 2670 940 2729 comminus
960 2688 1060 2744 arma;
1157 2681 1207 2744 465

248 2788 304 2829 nec
325 2767 409 2828 libuit
431 2777 544 2826 mutare
565 2767 682 2825 locum:
707 2778 808 2826 tamen
830 2764 931 2825 omnia
952 2777 1053 2843 torpor

248 2877 369 2943 pectora
389 2862 572 2934 constrinxit,
594 2863 768 2940 gelidusque
790 2864 819 2921 in
841 2862 954 2923 uiscera
974 2863 1093 2942 sanguis

248 2983 383 3041 percussa
403 2962 513 3039 pietate
535 2960 603 3034 coit,
626 2972 766 3037 totaeque
788 2962 924 3022 cohortes

248 3060 309 3137 pila
329 3072 430 3137 parata
451 3059 502 3118 diu
524 3059 615 3119 tensis
636 3069 758 3118 tenuere
779 3060 901 3117 lacertis.

248 3157 279 3218 di
299 3157 354 3217 tibi
374 3177 435 3216 non
456 3167 592 3228 mortem,
614 3176 691 3233 quae
711 3155 826 3216 cunctis
846 3174 946 3232 poena
965 3166 1092 3231 paratur,
1157 3177 1207 3230 470

248 3256 301 3314 sed
322 3274 440 3314 sensum
461 3255 609 3332 postlata
631 3267 700 3314 tuae
721 3254 802 3327 dent,
825 3253 968 3323 Crastine,
990 3254 1084 3326 morti,

246 3351 330 3412 cuius
351 3362 429 3411 torta
447 3371 538 3412 manu
559 3352 708 3412 commisit
729 3354 834 3413 lancea
854 3351 963 3411 bellum
1060 3336 1076 3348 '⁸

246 3449 400 3526 primaque
420 3449 603 3508 Thessaliam
625 3452 766 3509 Romano
786 3448 928 3524 sanguine
949 3449 1043 3509 tinxit.
1114 3434 1117 3439 ¹

246 3564 267 3605 o
287 3564 429 3623 praeceps
450 3545 555 3620 rabies,
577 3565 646 3605 cum
667 3547 777 3607 Caesar
797 3548 857 3607 tela
877 3558 1000 3617 teneret,

247 3640 371 3701 inuenta
390 3652 436 3702 est
456 3641 534 3718 prior
554 3643 613 3701 ulla
634 3644 762 3702 manus?
795 3653 867 3703 tunc
887 3643 1026 3703 stridulus
1046 3661 1097 3703 aer
1155 3663 1204 3719 475
