2875 4234
213 406 231 455 2
468 401 606 451 LVCANI
630 402 680 450 DE
704 402 824 451 BELLO
847 402 962 454 ctvttt

251 560 281 610 et
301 568 507 627 quaecumque
527 552 613 628 fugax
635 548 778 611 Sertorius
799 549 905 628 inpulit
925 569 1014 624 arma,

251 647 383 723 Vespere
404 658 521 724 pacato,
543 667 618 724 pura
638 645 816 709 uenerabilis
837 667 933 724 aeque

251 763 341 820 quam
363 763 464 803 currus
485 754 611 804 ornante
632 757 710 821 toga,
733 745 896 821 plaudente
916 757 1031 818 senatu,

251 838 328 900 sedit
348 841 447 900 adbuc
469 844 624 900 Romanus
645 860 757 917 eques:
785 861 837 901 seu
858 843 918 902 tine
939 843 1091 902 bonorum

251 935 340 996 anxia
359 938 491 997 uenturis
512 938 551 998 ad
572 949 707 1015 tempora
728 939 806 998 laeta
826 936 940 1015 refugit,
1188 963 1221 1000 20

252 1033 314 1094 siue
335 1053 388 1110 per
407 1037 548 1111 ambages
569 1035 670 1094 solitas
691 1034 838 1095 contraria
859 1034 931 1094 uisis

252 1129 411 1191 uaticinata
432 1132 515 1208 quies
537 1131 636 1209 magni
657 1132 724 1192 tulit
744 1133 846 1191 omina
866 1133 1012 1209 planctus,

253 1246 304 1286 seu
327 1228 418 1288 uetito
439 1229 548 1306 patrias
568 1231 644 1289 ultra
665 1228 719 1289 tibi
741 1249 860 1289 cernere
882 1230 968 1289 sedes

253 1325 295 1383 sic
317 1330 446 1386 Romam
469 1329 599 1387 Fortuna
619 1325 710 1387 dedit.
754 1347 792 1388 ne
813 1326 939 1404 rumpite
961 1346 1091 1398 somnos,

253 1435 415 1484 castrorum
438 1424 561 1502 uigiles:
588 1427 684 1485 nullas
704 1427 776 1484 tuba
797 1428 934 1486 uerberet
954 1445 1048 1486 aures.
1185 1450 1219 1502 25

253 1521 379 1581 crastina
400 1522 464 1582 dira
483 1522 567 1599 quies
588 1534 618 1584 et
638 1523 767 1600 imagine
788 1535 902 1582 maesta
922 1523 1028 1582 diurna

254 1618 386 1697 undique
407 1621 539 1680 funestas
560 1621 638 1681 acies
659 1622 742 1693 seret,
763 1620 895 1697 undique
916 1621 1045 1681 bellum:

253 1719 334 1778 unde
355 1739 439 1796 pares
461 1738 583 1778 somnos
603 1718 723 1797 populis
743 1731 923 1796 noctemque
944 1721 1087 1778 beatam?

253 1833 273 1873 o
294 1815 370 1888 felix,
393 1816 417 1874 si
438 1827 468 1877 te
490 1819 538 1876 uel
559 1816 602 1876 sic
623 1829 674 1877 tua
696 1820 795 1877 Roma
815 1815 937 1877 uideret.

254 1913 417 1974 donassent
438 1913 551 1974 utinam
573 1915 670 1992 superi
692 1913 864 1992 patriaeque
885 1913 999 1991 tibique
1186 1939 1219 1990 30

257 2032 359 2086 unum,
382 2015 502 2091 Magne,
524 2012 614 2087 diem,
637 2032 698 2089 quo
718 2001 771 2072 fati
792 2024 889 2073 certus
910 2025 1035 2088 uterque

254 2122 417 2172 extremum
439 2111 514 2171 tanti
535 2113 660 2170 fructum
681 2109 822 2188 raperetis
842 2111 959 2170 amoris,

255 2222 286 2270 tu
307 2209 388 2268 uelut
408 2207 542 2268 Ausonia
561 2207 647 2269 uadis
668 2208 825 2269 moriturus
845 2207 876 2267 in
898 2209 988 2270 urbe:

255 2306 312 2379 illa,
333 2305 388 2366 rati
409 2325 527 2382 semper
547 2306 586 2366 de
606 2317 636 2365 te
657 2305 714 2365 sibi
736 2306 855 2366 'conscia
877 2307 948 2380 uoti,

255 2403 314 2462 hoc
334 2404 430 2462 scelus
451 2403 530 2462 haud
552 2422 693 2479 umquam
715 2403 783 2463 satis
803 2404 924 2465 haerere
944 2405 1068 2482 putauit,
1187 2426 1219 2480 35

255 2499 297 2559 sic
318 2519 350 2561 se
370 2499 471 2560 dilecti
492 2502 637 2560 tumulum
659 2519 781 2577 quoque
801 2504 926 2578 perdere
948 2503 1059 2580 Magni.

255 2609 285 2658 te
305 2598 398 2657 mixto
419 2599 518 2658 flesset
539 2599 621 2659 luctu
643 2597 818 2675 iuuenisque
839 2619 989 2677 senexque

255 2694 443 2773 iniussusque
464 2715 554 2772 puer;
582 2697 740 2757 lacerasset
761 2698 842 2757 crine
863 2699 961 2758 soluto

256 2806 378 2870 pectora
398 2793 569 2866 femineum,
592 2813 647 2853 ceu
669 2794 751 2854 Bruti
772 2795 883 2867 funere,
905 2796 1018 2873 uolgus.

256 2911 338 2952 nunc
358 2912 487 2970 quoque,
511 2893 569 2952 tela
590 2892 657 2952 licet
678 2902 809 2969 paueant
829 2892 950 2953 uictoris
971 2894 1075 2972 iniqui,
1185 2919 1220 2967 40

257 2989 373 3050 nuntiet
394 2990 457 3067 ipse
478 2989 548 3050 licet
569 2992 680 3052 Caesar
700 3002 752 3050 tua
771 2991 882 3063 funera,
904 2992 1018 3052 flebunt
1028 3014 1037 3066 3

257 3086 310 3146 sed
331 3087 404 3145 dum
425 3097 490 3146 tura
510 3087 615 3161 ferunt,
637 3089 709 3149 dum
732 3089 832 3149 laurea
853 3099 929 3150 serta
949 3090 1089 3150 Tonanti.

257 3202 277 3242 o
298 3183 404 3256 miseri,
427 3203 553 3261 quorum
574 3187 701 3263 gemitus
722 3187 810 3247 edere
831 3188 974 3263 dolorem,

258 3279 309 3355 qui
330 3290 359 3340 te
380 3300 441 3339 non
462 3284 552 3358 pleno
572 3282 680 3359 pariter
699 3284 839 3360 planxere
860 3284 984 3344 theatro.

230 3457 291 3515 Τίτε
310 3459 479 3533 Pompeiam
498 3459 623 3518 demand
639 3461 732 3519 battle.
779 3463 875 3521 Cicero
896 3463 922 3521 is
941 3463 1018 3522 their
1035 3429 1225 3540 spokesmuns

298 3579 419 3640 Vicerat
439 3589 517 3641 astra
537 3580 631 3655 iubar,
652 3601 721 3642 cum
742 3582 835 3644 mixto
857 3604 1005 3645 murmure
1027 3586 1113 3645 turba
1185 3606 1218 3659 45

259 3686 421 3736 castrorum
442 3676 560 3738 fremuit
580 3678 707 3756 satisque
729 3680 912 3741 trahentibus
933 3682 1036 3740 orbem
