2875 4234
429 1106 474 1168 n.
505 1104 696 1168 anunm
730 1103 911 1169 chnur

291 1287 410 1380 DE·
453 1286 723 1380 BELLO
780 1286 1052 1380 CIVILI

492 1491 612 1545 LIBER
642 1490 850 1544 SEPTIMVS.

561 1690 762 1698 ——-—-

335 1834 395 1893 aa
412 1852 467 1892 san
488 1834 513 1892 is
532 1834 591 1893 latlr
612 1841 640 1894 to
659 1836 717 1893 rise
738 1843 812 1910 upon
833 1835 1002 1894 Pharsalia.

209 1969 333 2046 Segnior
353 1971 476 2032 Oceano
497 1990 587 2048 quam
608 1973 657 2033 lex
677 1984 797 2033 aeterna
818 1973 945 2032 uocabat

210 2066 356 2127 luctificus
376 2067 466 2126 Titan
486 2087 651 2145 numquam
672 2070 766 2146 magis
787 2071 905 2130 aethera
926 2082 1029 2130 contra

210 2165 269 2242 egit
289 2184 383 2242 equos
403 2185 581 2243 cursumque
602 2167 673 2243 polo
694 2166 827 2244 rapiente
847 2164 962 2227 retorsit
972 2190 981 2241 3

210 2265 404 2340 defectusque
425 2263 487 2340 pati
507 2263 602 2324 uoluit
622 2275 783 2342 raptaeque
804 2265 920 2324 labores

210 2361 294 2434 lucis,
316 2372 346 2422 et
366 2359 484 2421 attraxit
506 2363 609 2434 nubes,
631 2381 693 2421 non
714 2363 824 2438 pabula
844 2361 977 2435 flammis,
1154 2382 1168 2436 ς

210 2462 322 2521 sedne
343 2459 516 2520 Thessalico
537 2479 627 2537 purus
648 2460 760 2519 luceret
781 2460 811 2518 in
834 2462 912 2521 orbe.

356 2639 505 2718 Pompey’s
523 2643 630 2700 dream.
672 2641 840 2718 Reflections
860 2650 934 2717 upon
956 2642 985 2700 it.

248 2782 290 2840 At
310 2799 378 2852 nox,
400 2778 493 2840 felicis
515 2783 629 2858 Magno
649 2801 718 2858 pars
740 2781 845 2840 ultima
865 2779 952 2853 uitae,

116 2874 120 2889 '
209 2877 350 2938 sollicitos
371 2897 450 2938 uana
469 2878 589 2955 decepit
609 2876 739 2955 imagine
760 2896 889 2938 somnos.

151 2994 153 2999 ·
209 2996 279 3036 nam
300 2974 476 3052 Pompeiani
496 2975 577 3036 uisus
598 2975 654 3036 sibi
676 2977 748 3037 sede
769 2974 874 3034 theatri

209 3074 392 3134 innumeram
414 3071 540 3151 effigiem
562 3077 718 3133 Romanae
739 3092 858 3133 cernere
878 3070 982 3150 plebis,
1140 3098 1170 3136 ro

190 3171 371 3248 ·adtollique
392 3190 479 3231 suum
500 3171 585 3231 laetis
605 3171 645 3230 ad
665 3170 763 3231 sidera
783 3190 894 3230 nomen

209 3269 342 3343 uocibus,
365 3280 395 3329 et
415 3270 520 3345 plausu
541 3288 653 3329 cuneos
674 3279 786 3328 certare
807 3279 967 3328 sonantes:

209 3365 304 3444 qualis
325 3375 387 3426 erat
406 3365 512 3443 populi
533 3366 623 3427 facies
643 3367 815 3443 clamorque
836 3365 971 3438 fauentis,

209 3465 282 3526 olim
303 3483 372 3524 cum
393 3463 510 3524 iuuenis
530 3452 679 3542 primique
699 3473 800 3525 aetate
818 3461 984 3541 triumpu'x,

206 3571 279 3639 post
296 3561 422 3622 domitas
439 3572 548 3641 gentes
568 3585 647 3645 quas
669 3577 796 3629 torrens
817 3561 925 3627 amun
938 3559 1108 3620 tamem„
1193 3552 1239 3596 Ἢ

231 3689 258 3732 1².
273 3689 301 3732 a.
1154 3665 1178 3700 ι
