2875 4234
213 385 253 448 24
464 381 601 430 ῘΝΕΑΝΙ
624 381 673 430 DE
697 383 816 432 BELLO
839 382 954 432 ClVlLI

250 530 412 606 respexisse
432 542 537 607 uacat3
565 551 634 608 spes
655 551 818 609 numquam
839 531 992 608 implenda
1012 530 1131 592 recessit
1142 553 1150 606 ;

251 629 322 705 quid
342 628 439 703 fueris,
461 649 541 690 nunc
561 629 635 689 seire
656 629 734 690 lieet.
776 633 845 706 fuge
866 629 978 706 proelia
999 628 1070 704 dira,

249 750 285 789 ac
305 741 413 790 testare
434 731 508 790 deos
529 730 653 800 nullum,
675 730 727 804 qui
748 740 860 807 perstet
881 728 912 787 in
932 728 1030 800 armis,
1163 738 1214 800 690

249 827 308 885 iarn
330 826 394 898 tibi,
415 828 540 902 Magne·
558 827 641 887 mori.
680 847 735 887 ceu
757 826 862 887 flebilis
882 825 983 885 Africa
1003 825 1121 885 damnis

249 937 280 985 et
300 945 354 984 ceu
377 926 493 984 Munda
513 944 626 984 nocens
648 924 816 1001 Pharioque
837 944 854 982 a
874 923 986 1000 gurgite
1007 923 1116 990 clades,

249 1022 342 1081 sicet
363 1021 552 1082 Thessalicae
573 1035 641 1099 post
663 1034 692 1083 te
713 1042 782 1099 pars
803 1021 932 1080 maxima
953 1040 1071 1098 pugnae

248 1140 310 1198 non
331 1118 390 1207 laun
411 1122 485 1198 Rom
497 1121 545 1204 Fi.
558 1140 599 1199 uo
617 1140 669 1181 ren
690 1121 840 1233 populare
853 1139 915 1215 pgr¹
927 1122 1030 1201 orbem

248 1236 305 1276 nec
327 1168 456 1276 studium
479 1180 557 1289 beili,
580 1141 810 1294 εέἀᾟεῑῖᾳῖιοῇ
832 1237 950 1294 semper
970 1218 1123 1288 habemus,
1161 1226 1210 1289 695

248 1313 367 1374 libertas
388 1325 418 1374 et
440 1317 559 1385 Caesar,
581 1314 653 1388 erit3
682 1328 771 1391 teque
793 1315 863 1375 inde
884 1318 984 1392 fugato

214 1439 217 1445 ·
247 1411 379 1471 ostendit
399 1411 528 1472 moriens
550 1412 605 1472 sibi
627 1432 659 1472 se
680 1413 828 1489 pugnasse
849 1425 974 1472 senatus.

247 1571 347 1628 Better
365 1570 457 1644 defeat
475 1571 539 1627 and
556 1571 640 1627 death
661 1571 735 1627 than
756 1571 863 1645 victory
882 1572 949 1629 such
969 1590 1004 1629 as
1029 1569 1165 1629 Caesar's.

287 1692 396 1750 Nonne
416 1690 500 1751 iuuat
519 1693 637 1767 pulsum
659 1691 745 1751 bellis
766 1691 888 1751 cessisse
911 1713 966 1752 nec
987 1694 1065 1753 istud

246 1799 448 1863 perspectasse
469 1790 562 1860 nefas,
584 1788 748 1864 spumantis
769 1791 862 1849 caede
883 1793 1038 1850 cateruas?

245 1885 357 1961 respice
378 1888 511 1945 turbatos
533 1886 651 1945 incursu
674 1886 824 1964 sanguinis
845 1906 957 1960 amnes,
1159 1907 1209 1960 700

245 1995 276 2042 et
296 1981 389 2042 soceri
410 1981 546 2044 miserere
568 1983 618 2044 tui.
661 2005 722 2060 quo
743 1996 862 2062 pectore
884 1987 1012 2043 Romam

245 2077 365 2137 intrabit
385 2080 479 2138 factus
501 2079 615 2154 campis
635 2079 748 2139 felicior
769 2077 854 2139 istis?

245 2175 388 2252 quidquid
409 2176 440 2235 in
461 2177 568 2253 ignotis
591 2179 670 2236 solus
691 2176 861 2255 regionibus
883 2179 974 2250 exsul,

244 2272 391 2350 quidquid
411 2276 467 2333 sub
488 2274 595 2334 Phario
616 2275 731 2350 positus
753 2273 863 2350 patiere
885 2286 1020 2350 tyrann0,

244 2372 332 2431 crede
353 2371 425 2443 deis,
447 2373 538 2449 longo
558 2374 686 2431 satorum
707 2373 796 2432 crede
817 2371 919 2444 fauori,
1156 2392 1204 2454 705

243 2467 363 2528 uincere
383 2467 467 2545 peius
489 2482 558 2528 erat.
602 2469 728 2545 prohibe
750 2471 880 2528 lamenta
901 2490 1014 2544 sonare,
1082 2511 1085 2517 ι

244 2566 312 2626 flere
334 2578 403 2626 ueta
424 2569 559 2643 populos,
582 2566 717 2626 lacrimas
739 2567 895 2642 luctusque
917 2568 1041 2628 remitte.

243 2674 303 2723 tam
325 2666 403 2724 mala
424 2665 549 2741 Pompei
570 2684 659 2741 quam
683 2685 825 2742 prospera
846 2667 974 2724 mundus
995 2667 1107 2726 adoret.

242 2763 364 2840 adspice
385 2782 505 2822 securus
526 2764 610 2821 uoltu
632 2782 692 2821 non
715 2763 852 2839 supplice
873 2783 973 2839 reges3

242 2860 362 2936 adspice
383 2879 534 2936 possessas
556 2860 643 2919 urbes
665 2862 838 2936 donataque
860 2881 956 2937 regna,
1155 2884 1204 2934 7¹0

242 2961 408 3034 Aegyptum
433 2956 636 3033 Libyamque:
665 2969 695 3017 et
716 2969 806 3016 terras
829 2956 903 3034 elige
925 2958 1019 3017 morti.

461 3122 605 3198 Porrpff's
625 3125 751 3182 welcorree
771 3126 801 3182 in
823 3126 941 3184 Larisa.

281 3243 364 3305 Vidit
384 3243 478 3321 prima
499 3256 567 3304 tuae
588 3246 671 3305 testis
693 3246 794 3306 Larisa
813 3247 916 3307 ruinae

241 3341 342 3402 nobile
363 3363 419 3402 nec
440 3343 552 3401 uictum
573 3341 640 3401 fatis
661 3357 761 3419 caput.
804 3345 942 3405 omnibus
963 3346 1013 3406 illa

241 3439 357 3498 ciuibus
378 3439 481 3499 effudit
502 3450 579 3498 totas
600 3459 653 3515 per
673 3440 794 3501 moenia
814 3441 891 3502 uires

241 3536 339 3609 obuia,
362 3557 417 3596 ceu
438 3538 535 3611 laeto;
566 3539 742 3613 promittunt
763 3559 886 3598 munera
907 3541 1030 3601 flentes:
1153 3564 1201 3618 715

241 3634 376 3709 pandunt
397 3635 509 3711 templa
529 3635 636 3693 domos
648 3656 657 3707 3
685 3636 784 3697 socios
805 3657 837 3697 se
858 3637 991 3697 cladibus
1013 3651 1127 3715 optant,
