2875 4234
505 378 574 429 nur,
597 379 650 428 vn
673 365 854 446 626—687.

220 535 252 587 ut
272 525 376 588 Latiae
396 536 464 603 post
484 547 518 588 se
539 526 620 587 uiuat
642 546 710 604 pars
731 525 860 586 maxima
880 527 993 601 turbae,

218 623 355 684 sustinuit
375 625 482 702 dignos
503 624 592 686 etiarn
614 645 695 684 nunc
715 625 836 685 credere
856 625 934 686 uotis

219 722 386 796 caelicolas,
407 723 561 800 uoluitque
582 723 627 784 sui
648 722 758 784 solacia
779 743 886 783 casus:

219 820 353 882 ‘Parcite
373 821 442 894 iam,
465 822 572 899 superi,
593 833 716 882 cunctas
737 833 921 898 prosternere
942 835 1063 900 gentes:

218 929 314 980 stante
335 929 435 997 potest
456 919 571 978 mundo
593 921 752 994 Romaque
772 919 929 996 superstite
951 923 1079 998 Magnus
1130 932 1180 983 660

217 1032 283 1072 esse
302 1013 398 1074 miser.
441 1014 465 1072 si
487 1016 571 1090 plura
591 1012 694 1073 iuuant
716 1032 783 1073 mea
804 1014 934 1086 uolnera,
956 1017 1087 1074 coniunx

218 1121 263 1170 est
284 1111 366 1184 mihi,
387 1122 457 1171 sunt
478 1109 540 1171 nati
551 1133 560 1186 3
588 1110 727 1170 dedimus
749 1121 792 1172 tot
814 1111 937 1189 pignora
957 1112 1033 1173 satis.

217 1205 337 1269 ciuiline
359 1229 464 1287 parum
485 1209 631 1269 est'bello
651 1207 676 1267 si
697 1228 805 1286 meque
826 1228 968 1286 meosque

217 1306 344 1366 obruet?
384 1306 506 1384 exiguae
526 1306 628 1365 clades
649 1325 751 1365 sumus
772 1307 845 1366 orbe
864 1310 1004 1368 remoto?

217 1402 318 1462 omnia
339 1403 411 1482 quid
432 1405 564 1464 laceras?
591 1403 664 1480 quid
684 1404 808 1481 perdere
829 1415 935 1464 cuncta
956 1407 1093 1465 laboras?
1127 1417 1176 1481 665

216 1500 275 1560 iarn
297 1501 370 1561 nihil
391 1514 444 1576 est,
468 1505 608 1573 Fortuna,
631 1501 751 1562 meum!
792 1501 834 1561 sic
854 1504 938 1574 fatur,
963 1513 993 1562 et
1013 1523 1096 1562 arma

216 1598 359 1677 signaque
379 1611 408 1662 et
429 1601 563 1661 adflictas
585 1599 668 1659 omni
689 1597 748 1658 iam
769 1608 853 1676 parte
874 1611 1008 1659 cateruas

215 1698 357 1772 circumit,
380 1711 410 1760 et
429 1709 552 1760 reuocat
573 1707 686 1757 matura
707 1696 738 1755 in
757 1699 820 1757 fata
840 1709 958 1758 ruentes

216 1816 308 1874 seque
329 1808 417 1874 negat
438 1797 522 1857 tanti.
564 1815 621 1855 nec
642 1797 726 1855 derat
746 1797 835 1855 robur
855 1794 886 1854 in
907 1816 993 1856 enses

215 1891 256 1952 ire
277 1893 346 1952 duci
367 1893 527 1971 iuguloque
548 1892 611 1970 pati
632 1893 681 1952 uel
702 1903 822 1969 pectore
843 1894 953 1954 letum:
1127 1903 1177 1966 ⁶70

215 1990 268 2049 sed
288 1988 395 2064 timuit,
417 2002 509 2051 strato
529 1990 614 2050 miles
635 2010 673 2049 nc
694 2009 817 2066 corpore
840 1992 943 2067 Magni

215 2107 275 2146 non
296 2089 409 2166 sugeret
431 2109 579 2166 supraque
600 2089 709 2148 ducem
731 2090 938 2165 procumberet
960 2088 1057 2162 orbis;

215 2187 349 2248 Caesaris
369 2201 419 2247 aut
440 2187 533 2247 oculis
555 2186 649 2247 uoluit
670 2187 835 2246 subducere
858 2199 992 2261 mortem,

214 2281 415 2359 nequiquam:
443 2282 553 2356 infelix,
576 2302 680 2343 socero
700 2293 834 2360 spectare
856 2282 969 2343 uolenti

214 2380 424 2454 praestandum
458 2392 502 2440 est
534 2379 717 2457 ubicumque
748 2393 855 2457 caput:
894 2401 946 2440 seu
980 2393 1011 2440 tu
1043 2400 1173 2457 quoque,

293 2476 432 2550 coniunx,
1125 2487 1173 2551 675

212 2593 301 2634 causa
321 2576 407 2651 fugae
429 2577 587 2652 uoltusque
609 2574 660 2647 tui,
683 2575 810 2652 satisque
831 2588 969 2651 negatum

212 2682 242 2732 te
262 2683 417 2749 praesente
441 2672 523 2733 mori.
567 2685 630 2733 tum
654 2675 798 2749 Magnum
820 2672 955 2732 concitus
976 2675 1068 2733 aufert

164 2812 167 2817 -
211 2770 329 2828 abello
350 2771 471 2847 sonipes
493 2791 553 2831 non
575 2783 657 2847 tergo
679 2774 738 2831 tela
759 2783 918 2848 pauentem

210 2864 397 2943 ingentisque
417 2867 534 2929 animos
555 2881 685 2929 extrema
705 2870 737 2928 in
757 2872 816 2929 fata
837 2871 990 2929 ferentem.

211 2982 273 3022 non
292 2965 430 3041 gemitus,
453 2986 514 3025 non
537 2967 623 3027 fletus
644 2978 706 3027 erat
728 2969 869 3042 saluaque
890 2967 1039 3026 uerendus
1123 2977 1173 3028 680

211 3060 364 3122 maiestate
385 3064 479 3136 dolor,
501 3065 619 3142 qualem
642 3076 679 3137 te,
704 3067 823 3140 Magne,
845 3063 971 3122 decebat

211 3159 356 3218 Romanis
376 3172 523 3236 praestare
545 3162 637 3220 malis.
681 3181 742 3222 non
764 3162 864 3237 inpare
887 3162 970 3221 uoltu

209 3255 317 3332 aspicis
340 3259 505 3317 Emathiam
517 3281 525 3330 ;
553 3278 609 3318 nec
631 3271 660 3318 te
681 3257 782 3319 uidere
804 3261 965 3337 superbum

210 3372 350 3430 prospera
371 3355 517 3415 bellorum
539 3376 594 3416 nec
615 3357 740 3416 fractum
761 3358 884 3416 aduersa
906 3357 1070 3429 uidebunt;

209 3466 358 3525 quamque
380 3451 434 3511 fuit
456 3453 535 3511 laeto
557 3472 610 3528 per
631 3464 689 3512 tres
710 3451 802 3512 infida
823 3451 995 3528 triumphos,
1122 3461 1170 3525 685

209 3555 270 3604 tam
291 3546 399 3607 misero
422 3552 554 3608 Fortuna
574 3549 679 3609 minor.
723 3549 782 3608 iam
804 3551 939 3626 pondere
959 3551 1017 3608 tati

208 3642 345 3725 deposito
365 3665 485 3708 securus
506 3645 594 3722 abis;
622 3668 708 3711 nuuc
726 3659 874 3730 tempora
886 3649 980 3704 tactu
