2875 4234
496 396 565 445 mn.
589 395 641 444 vrr
664 379 845 459 688—746.

212 547 326 608 scilicet
345 546 483 607 inmenso
504 555 638 622 superest
660 563 697 603 ex
718 542 840 602 nomine
862 542 1005 600 multum:

211 658 301 721 teque
323 643 418 705 minor
439 646 514 718 solu,
536 653 658 702 cunctas
680 641 822 718 inpellere
843 650 947 715 gentes

212 764 309 804 rursus
331 742 362 802 in
383 762 466 802 arma
485 752 580 819 potes,
602 759 760 815 rursusque
781 737 813 797 in
834 740 894 796 fata
913 734 1016 796 redire.

211 839 265 900 sed
285 837 379 914 ‘Quid
401 857 477 914 opus
497 836 578 897 uicto
598 835 717 913 populis
738 845 789 893 aut
808 831 959 893 urbibus?'
982 830 1078 909 inquit
1125 852 1173 902 720

212 937 335 997 ‘uictori
355 946 504 1012 praestate
525 934 635 995 fidem!
676 944 717 1008 tu,
741 935 858 1005 Caesar,
881 931 912 990 in
933 933 995 991 alto

211 1033 311 1095 caedis
331 1035 430 1093 adhuc
450 1035 571 1093 cumulo
592 1031 705 1109 patriae
726 1050 780 1108 per
799 1029 913 1090 uiscera
934 1030 1038 1088 uadis:

211 1146 242 1192 at
263 1131 316 1192 tibi
338 1131 396 1191 iam
418 1132 547 1209 populos
568 1132 662 1190 donat
681 1149 779 1206 gener.
822 1127 923 1189 auehit
943 1126 1014 1187 inde

212 1228 388 1306 Pompeium
409 1228 548 1306 sonipes:
575 1227 701 1305 gemitus
722 1226 919 1302 lacrimaeque
941 1235 1079 1285 secuntur

210 1315 396 1406 plurimaque
417 1329 447 1387 in
469 1346 574 1386 saeuos
596 1325 700 1404 populi
720 1323 858 1385 conuicia
878 1324 973 1385 diuos.
1124 1342 1170 1395 725

211 1447 291 1487 nunc
311 1426 366 1487 tibi
386 1446 457 1486 uera
476 1427 551 1485 fides
572 1423 706 1502 quaesiti,
731 1426 851 1498 Magne,
874 1421 983 1482 fauoris

211 1524 335 1601 contigit
357 1544 393 1584 ac
413 1525 533 1583 fructus.
575 1522 644 1582 felix
664 1542 696 1583 se
717 1521 812 1581 nescit
832 1521 933 1580 amari.

218 1691 328 1750 Caesar
346 1699 422 1765 stops
441 1690 489 1747 the
506 1688 653 1763 slauglrtcr
671 1687 736 1745 and
752 1707 897 1745 summons
916 1689 964 1747 Iris
983 1697 1078 1766 troops
1097 1697 1125 1748 ta

350 1790 421 1846 seiae
438 1787 502 1844 and
510 1787 640 1862 plunder
658 1786 706 1842 tlte
724 1786 881 1860 Pompam
901 1795 988 1861 camp.

250 1912 361 1971 Caesar
380 1920 413 1968 ut
435 1907 586 1985 Hesperio
606 1905 680 1968 uidit
702 1905 772 1966 satis
792 1926 863 1966 arua
885 1920 986 1967 natare

210 1998 361 2084 sanguine,
383 2008 565 2085 parcendum
586 2007 662 2065 ferro
684 2005 880 2082 manibusque
901 2025 1021 2065 suorum

209 2104 267 2163 iam
288 2115 378 2177 ratus,
400 2116 433 2164 ut
453 2104 527 2165 uiles
547 2103 661 2162 animas
683 2103 871 2179 perituraque
892 2105 997 2164 frustra
1122 2124 1171 2178 730

209 2203 327 2280 agmina
347 2201 479 2280 permisit
499 2201 587 2262 uitae.
630 2202 683 2260 sed
705 2212 799 2260 castra
820 2203 935 2278 fugatos

209 2320 248 2360 ne
267 2311 410 2361 reuocent
430 2301 580 2377 pellatque
602 2299 686 2376 quies
707 2311 853 2359 nocturna
874 2319 1026 2377 pauorem,

210 2399 343 2474 protinus
364 2391 463 2458 hostili
485 2397 586 2458 statuit
607 2400 767 2458 succedere
788 2400 875 2471 uallo,

210 2497 280 2555 dum
303 2498 420 2556 fortuna
441 2499 527 2571 calet,
550 2497 622 2556 dum
643 2495 764 2556 conficit
784 2499 886 2557 omnia
908 2510 1007 2571 terror,

210 2613 269 2654 non
291 2595 410 2669 ueritus,
431 2615 521 2671 graue
542 2613 580 2654 ne
600 2594 685 2654 fessis
707 2593 787 2662 ’saut
808 2598 906 2656 Marte
927 2597 1083 2666 subactis†
1121 2617 1168 2670 735

209 2693 267 2752 hoc
287 2695 361 2753 soret
383 2693 550 2771 imperium.
591 2713 652 2752 non
674 2712 782 2768 magno
803 2695 969 2755 hortamine
991 2696 1075 2756 miles

209 2791 239 2849 in
260 2792 401 2868 praedam
423 2792 577 2851 ducendus
598 2802 678 2865 erat;
710 2791 859 2851 ‘Victoria
881 2793 967 2853 nobis

208 2890 306 2965 plena,
329 2888 413 2964 uiri3’
442 2889 517 2948 dixit
541 2892 690 2966 ‘superest
711 2909 766 2965 pro
787 2889 930 2966 sanguine
952 2910 1073 2963 merces,

209 3005 298 3061 quam
314 2997 479 3046 monstrare
494 3006 593 3045 meum
608 2997 653 3046 est
662 3009 671 3060 3
694 2987 887 3060 nequeenim
908 2988 1020 3047 donare
1043 2990 1167 3058 uocabo,

208 3084 290 3158 quod
312 3082 369 3142 sibi
390 3082 515 3160 quisque
537 3082 627 3142 dabit.
671 3083 786 3142 cunctis
808 3103 845 3143 en
866 3086 955 3160 plena
976 3085 1103 3144 metallis
1121 3107 1169 3157 740

208 3193 303 3240 castra
323 3192 445 3258 patent3
473 3192 591 3256 raptum
615 3180 768 3257 Hesperiis
791 3200 807 3240 e
828 3181 966 3257 gentibus
988 3202 1091 3240 aurum

207 3277 256 3336 hic
277 3278 361 3350 iacet,
385 3281 524 3354 ansque
545 3292 684 3355 premunt
704 3278 831 3353 tentoria
851 3299 944 3356 gazas.

207 3386 251 3435 tot
272 3395 374 3452 regum
394 3378 514 3436 fortuna
534 3375 621 3435 simul
645 3377 808 3453 Magnique
829 3387 933 3436 coacta

208 3484 359 3550 exspectat
379 3472 535 3533 dominos:
563 3493 689 3551 propera
710 3475 896 3551 praecedere,
919 3475 1011 3548 miles,

208 3589 284 3647 quos
305 3571 454 3647 sequeris,
482 3590 686 3647 quascumque
707 3582 771 3630 tuas
794 3571 944 3630 Pharsalia
965 3573 1048 3641 fecit,
1121 3593 1182 3638 aas

176 3723 178 3726 .
207 3686 227 3724 a
246 3665 332 3726 uictis
353 3667 505 3743 rapiuntur
524 3667 616 3746 opes?
659 3690 721 3731 nec
740 3672 834 3749 plura
849 3673 983 3731 locutus
