2875 4234
553 395 622 444 mu.
645 395 698 443 v11
722 383 902 461 805—865.

267 563 357 603 omne
379 563 484 602 nemus
505 541 583 602 misit
604 545 740 603 uolucres
761 543 918 618 omnisque
938 554 1061 602 cruenta

266 639 336 701 alite
356 639 526 718 sanguineis
547 639 669 699 stillauit
688 642 804 702 roribus
825 642 921 700 arbor.

267 756 357 814 saepe
378 757 468 814 super
487 740 586 797 uoltus
607 736 728 798 uictoris
748 748 778 798 et
798 737 881 814 inpia
901 737 985 814 signa

266 848 318 896 aut
338 856 424 897 cruor
443 848 495 895 aut
515 839 576 896 alto
597 836 719 897 defluxit
740 839 779 895 ab
800 838 917 896 aethere
939 839 1032 908 tabes,

266 935 458 1010 membraque
479 933 587 994 deiecit
608 933 666 992 iam
687 933 771 994 lassis
793 935 940 1013 unguibus
960 937 1029 994 ales
1180 945 1229 1006 840

266 1029 308 1090 sic
329 1052 450 1109 quoque
471 1053 532 1092 non
554 1031 652 1092 omnis
673 1034 804 1108 populus
825 1033 960 1109 peruenit
981 1035 1021 1092 ad
1041 1040 1110 1093 Ossa
1173 1081 1176 1095 ι

266 1125 357 1203 inque
377 1128 452 1187 seras
474 1126 639 1204 discerptus
660 1128 740 1188 abit:
768 1148 829 1187 non
850 1127 956 1188 intima
977 1141 1079 1189 curant
1157 1155 1160 1161 ·

264 1223 378 1285 uiscera
398 1245 454 1286 nec
476 1237 553 1286 totas
574 1224 662 1286 auide
684 1227 803 1286 sorbere
824 1228 969 1287 medullas
979 1249 990 1302 ;

265 1324 424 1400 degustant
444 1336 532 1384 artus.
577 1323 680 1384 Latiae
701 1344 768 1401 pars
790 1323 917 1383 maxima
938 1326 1041 1385 turbae

264 1421 394 1482 fastidita
413 1422 508 1483 iacet:
536 1443 626 1500 quam
648 1425 692 1482 sol
714 1421 868 1498 nimbique
889 1421 1012 1500 diesque
1178 1434 1226 1499 845

265 1520 379 1599 longior
401 1521 547 1581 Emathiis
568 1523 727 1582 resolutam
748 1520 867 1580 miscuit
887 1519 971 1581 aruis.

468 1745 647 1822 Apostrophe
666 1752 694 1803 to
709 1745 804 1820 guilty
828 1743 971 1819 Thessaly.

302 1908 457 1968 Thessalia
476 1907 585 1981 infelix,
607 1930 667 1986 quo
689 1919 773 1968 tanto
794 1906 915 1967 crimine
938 1909 1024 1967 tellus

261 2006 371 2067 laesisti
392 2026 523 2084 superos,
545 2018 578 2066 ut
598 2019 628 2067 te
649 2018 693 2067 tot
714 2006 858 2066 mortibus
879 2026 979 2080 unam,

262 2118 307 2167 tot
327 2109 472 2166 scelerum
492 2105 559 2165 fatis
580 2109 770 2183 premerent?
810 2106 893 2182 quod
914 2103 1020 2164 sufficit
1041 2125 1147 2165 aeuum

261 2204 408 2265 inmemor
429 2215 461 2264 ut
482 2205 574 2264 donet
594 2203 664 2264 belli
685 2203 739 2263 tibi
760 2204 869 2262 damna
891 2207 1045 2263 uetustas?
1175 2213 1224 2276 850

261 2322 337 2380 quae
358 2322 441 2379 seges
462 2300 571 2362 infecta
592 2314 689 2380 surget
711 2321 773 2361 non
793 2301 915 2361 decolor
935 2302 1049 2361 herba?

261 2417 321 2473 quo
341 2417 404 2457 nou
426 2401 580 2458 Romanos
602 2398 728 2458 uiolabis
750 2418 871 2458 uomere
893 2401 1018 2457 manes?

260 2509 329 2558 ante
350 2517 446 2557 nouae
468 2496 590 2557 uenient
610 2497 696 2570 acies,
720 2497 882 2574 scelerique
903 2497 1037 2556 secundo

260 2595 420 2673 praestabis
442 2596 576 2656 nondum
598 2596 693 2655 siccos
714 2596 773 2656 hoc
794 2597 936 2670 sanguine
957 2615 1088 2672 campos,

259 2693 361 2754 omnia
381 2691 524 2752 maiorum
548 2706 698 2754 uertamus
719 2695 807 2754 busta
827 2692 936 2765 licebit,
969 2687 973 2696 ’
1173 2704 1221 2769 855

259 2802 289 2850 et
309 2791 412 2851 stantis
433 2793 571 2865 tumulos,
595 2803 624 2852 et
645 2791 697 2868 qui
717 2791 817 2852 radice
839 2801 956 2851 uetusta

258 2891 389 2950 effudere
409 2909 477 2949 suas
498 2889 582 2951 uictis
604 2890 786 2968 conpagibus
808 2910 902 2963 urnas,

257 2988 324 3063 plus
344 2986 478 3047 cinerum
500 2987 690 3048 Haemoniae
711 2987 799 3048 sulcis
821 2986 932 3046 telluris
953 3000 1057 3058 aratur,

257 3085 402 3161 pluraque
422 3082 554 3144 ruricolis
575 3084 719 3145 feriuntur
740 3085 880 3145 dentibus
901 3104 975 3144 ossa.

256 3183 354 3240 nullus
375 3184 414 3241 ab
436 3182 576 3241 Emathio
597 3183 748 3260 religasset
769 3183 854 3243 litore
875 3185 975 3242 sunem
1171 3193 1220 3242 860

256 3279 367 3352 nauita,
389 3300 445 3340 nec
466 3266 572 3340 terram
594 3280 751 3359 quisquam
773 3279 914 3340 mouisset
934 3292 1031 3340 arator

256 3376 389 3437 Romani
410 3381 529 3438 bustum
551 3379 663 3457 populi,
686 3381 879 3456 fugerentque
900 3380 998 3438 coloni

255 3477 422 3534 umbrarum
444 3495 576 3553 campos,
597 3476 735 3554 gregibus
757 3477 880 3536 dumeta
900 3487 1032 3537 carerent

254 3574 413 3650 nullusque
434 3574 556 3634 auderet
576 3573 678 3650 pecori
700 3573 872 3651 permittere
894 3585 994 3652 pastor

254 3672 364 3730 uellere
382 3682 553 3749 surgentem
575 3674 617 3738 de
637 3675 755 3739 uostris
777 3674 903 3738 ossibus
916 3674 1071 3738 uerbum„
1205 3665 1271 3716 ‘³³³3
