2875 4234
512 361 580 412 ΜΒ.
602 361 656 410 v11
684 349 816 430 16-77.

209 503 292 583 signa
313 504 388 582 petit
409 522 535 580 pugnae.
579 503 677 565 miseri
698 526 767 583 pars
788 505 918 567 maxima
938 509 1017 587 uolgi

209 621 270 661 non
292 612 387 662 totum
409 601 508 661 uisura
527 603 619 674 diem,
640 603 768 663 tentoria
789 603 900 663 circum

209 699 273 777 ipsa
293 699 378 759 ducis
399 698 538 775 queritur,
561 719 731 777 magnoque
751 720 877 761 accensa
898 705 1024 763 tumultu

209 796 312 856 mortis
332 795 449 857 uicinae
469 797 655 874 properantis
676 799 819 859 admouet
840 799 934 858 horas.

209 893 273 953 dira
293 893 373 953 subit
393 892 488 953 rabies
498 916 507 968 ;
534 913 588 953 sua
608 895 735 972 quisque
755 916 791 955 ac
812 898 932 972 publica
951 897 1011 957 sata

209 989 403 1069 praecipitare
425 990 523 1068 cupit:
552 991 649 1070 segnis
670 992 856 1070 pauidusque
877 1004 999 1053 uocatur

210 1109 246 1149 ac
267 1088 390 1149 nimium
412 1089 528 1166 patiens
549 1089 643 1150 soceri
666 1090 835 1167 Pompeius,
848 1101 888 1167 *et
908 1089 988 1151 orbis

210 1186 366 1265 indulgens
387 1207 487 1262 regno,
510 1187 562 1262 qui
582 1199 627 1247 tot
648 1187 735 1246 simul
756 1187 889 1263 undique
909 1200 1012 1265 gentes

209 1283 278 1344 iuris
299 1285 408 1344 habere
429 1282 474 1343 sui
494 1286 583 1344 uellet
604 1303 769 1361 pacemque
791 1284 914 1345 timeret.

210 1403 266 1442 nec
287 1401 349 1443 non
369 1393 399 1443 et
421 1402 503 1461 reges
524 1382 686 1460 populique
707 1393 869 1458 queruntur
890 1380 946 1441 Eoi

210 1481 288 1539 bella
309 1479 383 1539 trahi
403 1479 556 1557 patriaque
576 1480 680 1556 procul
701 1481 805 1539 tellure
825 1477 927 1539 teneri.

210 1578 269 1636 hoc
289 1578 396 1654 placet,
417 1597 437 1638 ο
458 1577 565 1654 superi,
588 1596 656 1635 cum
678 1576 765 1636 uobis
787 1587 900 1637 uertere
921 1587 1028 1637 cuncta

212 1676 407 1750 propositum,
429 1674 536 1734 nostris
558 1673 704 1734 erroribus
725 1675 836 1734 addere
856 1673 976 1733 crimen.

212 1771 347 1831 cladibus
368 1771 503 1831 irruimus
525 1771 716 1847 nocituraque
737 1771 886 1848 poscimus
907 1790 1005 1830 arma:

211 1868 242 1928 in
263 1866 453 1945 Pompeianis
474 1879 579 1926 uotum
600 1879 644 1928 est
666 1866 817 1926 Pharsalia
837 1865 946 1925 castris.

211 1977 385 2025 cunctorum
406 1966 496 2024 uoces
518 1964 649 2024 Romani
670 1964 814 2023 maximus
835 1974 938 2023 auctor

211 2065 326 2123 Tullius
347 2062 464 2139 eloquii,
486 2062 570 2122 cuius
591 2065 647 2122 sub
668 2061 730 2121 iure
752 2072 878 2138 togaque

213 2160 351 2238 pacificas
372 2179 477 2220 saeuus
498 2160 617 2220 tremuit
638 2159 768 2220 Catilina
788 2158 906 2230 securis,

212 2258 339 2336 pertulit,
362 2261 451 2317 iratus
471 2259 564 2331 bellis,
587 2277 655 2316 cum
677 2268 771 2316 rostra
791 2257 946 2332 forumque

211 2367 328 2432 optaret
349 2375 451 2432 passus
472 2365 532 2413 tam
554 2357 643 2430 longa
664 2353 780 2414 silentia
800 2352 892 2412 miles.

213 2451 329 2513 addidit
349 2452 497 2512 inualidae
518 2455 606 2511 robur
626 2451 765 2510 facundia
786 2469 899 2510 causae.

501 2617 560 2675 The
579 2615 671 2691 speech
691 2616 728 2691 of
745 2616 846 2674 Cicero.

254 2741 343 2798 ‘Hoc
363 2758 417 2816 pro
438 2748 482 2798 tot
503 2735 613 2797 meritis
634 2737 730 2796 solnm
751 2746 790 2808 te,
813 2738 932 2813 Magne,
954 2744 1089 2812 precatur

213 2833 255 2894 uti
275 2854 308 2895 se
329 2837 460 2894 Fortuna
479 2832 571 2906 uelis3
598 2851 795 2909 proceresque
816 2842 933 2891 tuorum

212 2943 372 2992 castrorum
394 2949 536 3008 regesque
556 2927 599 2989 tui
620 2948 688 2988 cum
710 2928 843 3005 supplice
865 2928 977 2987 mundo
1137 2947 1170 2998 70

213 3027 308 3089 adfusi
329 3029 409 3089 uinci
430 3047 563 3088 socerum
585 3026 697 3103 patiare
717 3045 863 3103 rogamus.

212 3124 334 3185 humani
354 3125 468 3202 generis
488 3135 550 3183 tam
571 3125 661 3201 longo
681 3135 817 3200 tempore
838 3125 948 3182 bellum

214 3223 323 3283 Caesar
343 3224 419 3282 erit?
458 3221 564 3282 merito
586 3219 761 3296 Pompeium
783 3219 901 3280 uincere
921 3222 1002 3280 lente

213 3318 351 3396 gentibus
371 3318 526 3395 indignum
547 3330 592 3379 est
612 3338 630 3377 a
652 3327 868 3378 transcurrente
889 3316 1026 3376 subactis.

214 3415 274 3492 quo
295 3417 349 3476 tibi
369 3418 465 3476 feruor
485 3416 547 3476 abit
567 3427 618 3476 aut
639 3434 699 3493 quo
720 3414 831 3475 fiducia
850 3414 925 3474 tati?

213 3513 253 3571 de
274 3514 395 3589 superis,
417 3512 539 3589 ingrate,
561 3512 648 3572 times
670 3529 850 3588 causamque
870 3520 994 3570 senatus

212 3610 333 3668 credere
352 3609 398 3668 dis
419 3609 560 3670 dubitas?
586 3609 671 3690 ipsae
691 3627 748 3672 tua
768 3612 861 3690 signa
876 3607 1038 3668 renonent

1073 3719 1167 3764 καὶ
