2875 4234
493 391 561 440 ms.
584 390 637 438 vn
661 390 840 456 259-324

208 540 329 601 uicistis.
372 538 477 599 uideor
496 534 605 597 fluuios
626 548 759 615 spectare
780 534 890 596 cruoris

208 642 398 715 calcatosque
418 637 506 697 simul
526 656 609 714 reges
630 654 824 713 sparsumque
845 643 964 693 senatus

208 757 314 814 corpus
334 748 365 797 et
385 735 532 796 immensa
552 736 680 812 populos
700 733 732 793 in
753 734 846 794 caede
867 731 1004 792 natantis.

208 840 262 898 sed
283 856 351 898 mea
370 837 431 896 fata
451 853 559 908 moror,
581 832 632 910 qui
652 852 707 893 uos
729 832 760 891 in
780 833 840 892 tela
859 833 982 891 furentis
1120 851 1168 902 295

209 935 333 995 uocibus
353 933 400 994 his
420 945 518 994 teneo.
560 929 679 992 ueniam
701 932 771 992 date
792 932 871 991 bella
890 928 1035 989 trahenti:

209 1054 263 1112 spe
284 1032 418 1112 trepido:
439 1032 520 1092 haud
541 1050 684 1108 umquam
705 1029 768 1092 uidi
788 1042 849 1090 tam
871 1050 979 1108 magna
998 1031 1118 1089 daturos
1181 1109 1186 1119 q

210 1144 271 1193 tam
292 1151 385 1210 prope
405 1150 454 1192 me
476 1149 598 1207 superos
608 1149 617 1202 3
644 1148 817 1205 camporum
838 1128 932 1190 limite
953 1147 1045 1205 paruo

209 1231 350 1289 absumus
370 1248 389 1288 a
409 1229 505 1288 uotis:
533 1246 588 1304 ego
610 1246 675 1286 sum
697 1225 745 1284 cui
768 1227 865 1286 Marte
886 1236 1016 1303 peracto,

210 1345 287 1402 quae
307 1324 410 1403 populi
431 1343 574 1402 regesque
595 1333 706 1398 tenent,
729 1323 842 1383 donare
862 1321 972 1382 licebit.
1123 1343 1171 1395 300

210 1441 311 1498 quone
331 1423 393 1499 poli
414 1433 509 1496 motu,
532 1440 593 1498 quo
614 1419 688 1480 caeli
709 1419 806 1480 sidere
826 1437 921 1492 uers0,

210 1517 400 1579 Thessalicae
421 1530 544 1591 tantum,
567 1518 673 1594 superi,
695 1515 863 1593 permittitis
884 1518 976 1576 orae?

210 1628 261 1676 aut
281 1636 395 1677 merces
414 1616 505 1677 hodie
526 1617 671 1677 bellorum
692 1626 744 1675 aut
764 1634 862 1693 poena
882 1627 1009 1693 paratur.

212 1713 372 1774 Caesareas
392 1725 526 1790 spectate
547 1733 657 1788 cruceS,
680 1724 815 1790 spectate
836 1724 964 1785 catenas,

211 1820 241 1869 et
262 1820 351 1887 caput
370 1811 430 1871 hoc
449 1810 580 1888 positum
601 1809 702 1871 rostris
723 1812 876 1887 effusaque
897 1811 1038 1881 membra,
1123 1829 1170 1882 305

212 1910 446 1986 Saeptorumque
467 1911 550 1970 nefas
571 1919 602 1970 et
621 1908 714 1969 clausi
735 1909 847 1986 proelia
869 1909 983 1985 Campi.

211 2024 281 2064 cum
301 2008 379 2066 duce
400 2008 522 2067 Sullano
542 2006 669 2084 gerimus
690 2005 788 2066 ciuilia
809 2007 895 2066 bella.

212 2101 300 2161 uestri
320 2121 392 2162 cura
413 2115 534 2164 mouet:
563 2123 633 2163 nam
654 2124 702 2164 me
724 2123 827 2164 secura
848 2101 980 2162 manebit

212 2221 274 2261 sors
294 2200 430 2278 quaesita
450 2221 540 2262 manu
550 2221 560 2275 3
588 2202 752 2263 fodientem
773 2201 888 2262 uiscera
909 2212 1010 2260 cernet

212 2319 260 2359 me
280 2320 348 2360 mea
369 2300 421 2379 qui
441 2301 575 2361 nondum
596 2298 677 2360 uicto
698 2301 859 2378 respexerit
879 2301 973 2360 hoste.
1123 2322 1171 2373 310

212 2396 251 2466 di,
273 2416 400 2474 quorum
421 2417 506 2457 curas
526 2396 650 2458 abduxit
671 2399 709 2458 ab
730 2399 849 2458 aethere
870 2400 958 2458 tellus

213 2498 427 2572 Romanusque
448 2498 540 2568 labor,
561 2496 662 2556 uincat
683 2497 863 2573 quicumque
884 2515 1007 2555 necesse

212 2611 273 2652 non
294 2603 379 2670 putat
399 2594 430 2650 in
451 2591 546 2652 uictos
568 2613 690 2652 saeuum
711 2593 892 2669 destringere
914 2594 1029 2663 ferrum,

212 2688 324 2767 quique
344 2708 414 2749 suos
436 2689 526 2762 ciues,
548 2691 630 2766 quod
652 2690 736 2767 signa
756 2692 881 2750 aduersa
903 2692 1039 2760 tulerunt,

213 2805 274 2846 non
295 2787 389 2846 credit
409 2787 513 2846 secisse
535 2787 627 2846 nefas.
671 2787 832 2864 Pompeius
853 2787 883 2846 in
905 2800 969 2846 arto
1124 2805 1172 2858 315

212 2883 330 2961 agmina
350 2894 448 2943 uestra
467 2886 536 2945 loco
557 2884 649 2944 uetita
670 2884 779 2944 uirtute
802 2886 915 2945 moueri

212 3000 280 3040 cum
301 2979 404 3052 tenuit,
427 2992 541 3057 quanto
563 2980 678 3042 satiauit
695 2982 843 3058 ¹sanguine
863 2984 989 3041 ferrum!

213 3096 268 3137 uos
289 3087 388 3137 tamen
411 3080 469 3138 hoc
489 3099 550 3152 oro,
573 3080 704 3152 iuuenes,
728 3100 766 3139 ne
787 3081 911 3139 caedere
932 3077 1087 3156 quisquam

212 3174 305 3232 hostis
326 3185 408 3253 terga
427 3177 515 3252 uelit;
543 3176 624 3250 ciuis,
648 3176 700 3254 qui
721 3177 835 3253 fugerit,
858 3187 930 3237 esto.

213 3272 265 3330 sed
286 3271 358 3331 dum
380 3275 439 3333 tela
460 3274 579 3346 micant,
601 3293 663 3333 non
684 3293 740 3333 uos
761 3272 879 3351 pietatis
901 3275 999 3351 imago
1125 3295 1174 3346 320

213 3369 273 3427 ulla
293 3388 349 3428 nec
370 3372 494 3430 aduersa
514 3370 667 3448 conspecti
687 3372 784 3431 fronte
806 3381 943 3448 parentes

213 3481 446 3550 commoneant:
475 3471 575 3529 uoltus
594 3470 695 3546 gladio
717 3470 833 3529 turbate
855 3469 1010 3539 uerend0s‚

213 3565 276 3626 siue
299 3565 365 3645 quis
385 3567 493 3627 infesto
514 3579 642 3644 cognata
662 3569 695 3628 in
714 3581 842 3647 pectora
860 3569 942 3627 {erro

211 3665 273 3738 ibit,
295 3687 347 3727 seu
367 3669 480 3727 nulium
503 3667 632 3733 uiolabit
652 3674 786 3735 uoinere
807 3669 927 3750 pignus
934 3690 947 3727 ·.
