2875 4234
550 395 618 444 mu.
643 394 695 443 vu
718 384 900 462 747—804
1186 400 1227 466 27

264 555 386 624 pectore
406 543 437 604 in
458 545 517 606 hoc
537 555 623 622 pater
642 554 706 606 est:
734 564 841 606 omnes
861 543 893 604 in
915 546 1044 607 Caesare
1064 565 1175 606 manes

264 643 343 704 haud
364 642 446 716 alios,
469 643 603 703 noudum
624 641 762 720 Scythica
781 653 922 720 purgatus
943 644 1053 715 irrata,

265 738 466 800 Eumenidum
487 738 563 799 uidit
583 739 683 799 uoltus
704 741 853 815 Pelopeus
875 741 1015 814 Orestes3

263 857 320 898 nec
341 837 435 915 magis
454 835 598 898 attonitos
617 836 710 896 animi
731 857 850 898 sensere
872 839 1023 909 tumultus,

264 954 332 994 curn
353 937 471 1011 fureret,
493 935 653 1007 Pentheus,
675 945 735 1007 aut,
757 955 825 995 cum
847 934 980 1008 desisset,
1003 938 1114 1014 Agaue.
1177 947 1223 1009 78c

263 1034 343 1091 hunc
363 1051 468 1093 omnes
487 1031 586 1109 gladii,
607 1051 684 1108 quos
705 1042 756 1091 aut
778 1032 928 1092 Pharsalia
949 1032 1024 1093 uidit

263 1139 314 1187 aut
333 1126 422 1186 ultrix
441 1126 539 1187 uisura
560 1126 624 1188 dies
645 1127 806 1205 stringente
828 1140 941 1202 senatu,

263 1227 313 1284 illa
333 1237 422 1286 nocte
443 1237 600 1304 premunt3
626 1227 706 1285 hunc
727 1225 820 1286 infera
840 1238 973 1287 monstra
993 1229 1149 1304 flagellant

263 1334 292 1383 et
312 1333 457 1400 quantum
479 1343 595 1400 poenae
617 1324 726 1385 misero
747 1343 832 1384 mens
852 1324 974 1384 conscia
995 1325 1096 1399 donat,

262 1421 345 1496 quod
365 1422 463 1498 Styga,
485 1421 568 1497 quod
585 1440 697 1494 manes,
715 1420 891 1499 ingestaque
908 1425 1031 1482 Tartara
1049 1422 1161 1483 somnis
1176 1434 1222 1497 785

264 1516 408 1595 Pompeio
429 1517 550 1578 uiuente
570 1518 672 1578 uidetl

226 1669 286 1728 The
305 1676 377 1727 next
393 1671 451 1744 day
474 1671 585 1728 Caesar
596 1671 694 1745 gloats
712 1688 781 1728 over
797 1669 845 1727 tlte
860 1688 935 1728 scene
953 1671 1017 1727 and
1032 1670 1104 1730 willa
1125 1671 1223 1729 useless

400 1768 612 1826 vt'ezdt'ctivencss
631 1769 739 1842 refuses
757 1773 786 1825 to
805 1768 881 1825 burn
903 1768 949 1824 tlte
968 1768 1049 1827 dead.

665 1903 765 1949 tamen
787 1887 888 1949 omnia
908 1910 997 1967 passo

260 1998 419 2065 postquam
440 1990 518 2048 clara
538 1988 602 2048 dies
624 1986 793 2048 Pharsalica
814 1988 926 2046 damna
946 1987 1059 2061 retexit,

260 2088 342 2146 nulla
361 2085 419 2146 loci
440 2086 530 2146 iacies
550 2098 672 2146 reuocat
692 2085 830 2146 feralibus
850 2084 926 2145 aruis

260 2184 415 2244 haerentes
436 2186 547 2244 oculos.
590 2183 683 2244 cernit
704 2183 845 2260 propulsa
867 2202 970 2243 cruore

260 2280 383 2341 flumina
402 2293 433 2342 et
453 2284 585 2342 excelsos
606 2280 732 2340 cumulis
753 2279 911 2356 aequantia
932 2283 1024 2341 colles

261 2400 393 2456 corpora,
415 2378 538 2441 sidentis
559 2378 589 2438 in
611 2381 712 2439 tabem
733 2390 847 2456 spectat
868 2399 999 2454 aceruos,

261 2490 290 2537 et
312 2477 416 2555 Magni
436 2489 571 2537 numerat
592 2479 738 2554 populos3
767 2477 920 2554 epulisque
941 2490 1060 2555 paratur

259 2575 309 2635 ille
329 2577 421 2648 locus,
443 2576 543 2635 uoltus
565 2595 601 2634 ex
622 2594 683 2651 quo
705 2573 854 2650 faciesque
876 2574 1025 2635 iacentum

205 2676 209 2683 '
259 2685 408 2750 agnoscat.
451 2671 533 2732 iuuat
555 2672 724 2731 Emathiam
745 2692 807 2731 non
828 2692 947 2732 cernere
969 2687 1074 2733 terram

260 2782 290 2830 et
309 2773 432 2832 lustrare
453 2770 546 2830 oculis
567 2790 690 2847 campos
711 2771 768 2829 sub
788 2771 873 2829 clade
895 2772 1039 2844 latentes3

258 2888 294 2929 ac
314 2890 354 2930 ne
373 2871 452 2929 laeta
471 2870 570 2928 furens
592 2869 736 2928 scelerum
757 2870 927 2944 spectacula
947 2869 1060 2945 perdat,

259 2967 372 3027 inuidet
392 2965 460 3043 igne
480 2965 543 3042 rogi
565 2964 686 3037 miseris,
709 2966 853 3040 caeloque
874 2964 994 3024 nocenti

258 3064 363 3142 ingerit
384 3064 562 3123 Emathiam.
605 3083 665 3122 non
687 3063 769 3121 illum
792 3064 911 3121 Poenus
932 3064 1069 3120 humator

257 3161 387 3223 consulis
408 3172 438 3222 et
460 3163 572 3239 Libyca
592 3181 753 3221 succensae
774 3161 914 3237 lampade
936 3161 1067 3232 Cannae,

258 3261 442 3336 conpellunt,
464 3258 619 3317 hominurn
640 3258 711 3318 ritus
734 3268 767 3317 ut
787 3269 883 3318 seruet
905 3255 935 3315 in
956 3258 1041 3317 hoste
1049 3281 1057 3332 ;

258 3359 311 3418 sed
332 3356 467 3417 meminit
487 3356 623 3415 nondum
645 3355 751 3416 satiata
771 3355 913 3416 caedibus
934 3356 977 3415 ira

257 3455 338 3515 ciues
359 3473 423 3514 esse
445 3472 523 3513 suos.
566 3453 695 3530 petimus
716 3474 778 3513 non
800 3454 916 3530 singula
934 3457 1022 3515 busta

258 3553 461 3627 discretosque
481 3571 567 3627 rogos
577 3574 586 3625 3
614 3572 706 3611 unum
728 3553 767 3611 da
787 3552 925 3628 gentibus
947 3553 1070 3630 ignem,

342 3683 466 3731 fortunam
483 3700 639 3753 superosque
656 3703 718 3737 suos
734 3688 766 3739 iu
782 3687 912 3754 sanguine
928 3684 1022 3734 ceruit.
1214 3665 1272 3722 Ἶῲ
