2875 4234
465 400 602 450 LVCANI
625 400 675 448 DE
698 398 817 447 BELLO
840 398 955 447 CIVILl

253 569 306 626 pro
327 567 359 607 se
380 548 453 607 ferre
475 552 587 607 metus:
616 544 681 605 urbi
703 547 876 622 Magnoque
898 542 1025 605 timetur.

253 666 309 708 nec
328 643 433 723 gladiis
454 645 584 703 habuere
604 644 703 716 fidem,
726 642 782 701 nisi
803 641 938 702 cautibus
959 662 1045 718 asper

253 742 359 804 exarsit
380 759 500 815 mucro;
528 752 600 800 tunc
621 739 719 800 omnis
741 741 846 800 lancea
867 759 940 800 saxo
1170 762 1220 810 140

256 838 408 916 corrigitur
419 860 428 912 ;
455 838 583 898 tendunt
604 840 703 898 neruis
725 836 895 897 melioribus
916 857 1000 897 arcus
1010 860 1020 913 ;

254 956 325 996 cura
345 933 398 994 fuit
418 934 502 997 lectis
523 936 674 1012 pharetras
696 936 810 1011 inplere
831 933 952 1012 sagittis.

253 1044 340 1110 auget
361 1052 453 1109 eques
474 1031 609 1092 stimulos
629 1034 839 1109 frenorumque
860 1043 942 1109 aptat
963 1033 1103 1094 habenas.

253 1130 276 1189 si
298 1130 386 1190 liceat
407 1130 519 1208 superis
540 1132 695 1190 hominum
716 1132 850 1192 conferre
872 1133 996 1202 labores,

253 1249 315 1290 non
336 1229 420 1290 aliter
440 1230 564 1306 Phlegra
585 1228 705 1289 rabidos
727 1232 850 1290 tollente
870 1229 1014 1306 Gigantas
1170 1248 1216 1302 145

255 1327 380 1388 Martius
400 1327 522 1387 incaluit
543 1326 649 1388 Siculis
670 1327 830 1389 incudibus
851 1328 938 1401 ensis,

254 1438 283 1486 et
304 1426 403 1486 rubuit
425 1424 551 1485 flammis
571 1425 676 1485 iterum
700 1426 856 1503 Neptunia
876 1426 984 1504 cuspis,

253 1524 425 1602 spiculaque
446 1535 570 1583 extenso
591 1526 691 1583 Paean
716 1525 850 1601 Pythone
871 1524 990 1596 recoxit,

254 1625 350 1683 Pallas
371 1625 547 1700 Gorgoneos
568 1621 686 1682 diffudit
706 1618 738 1680 in
758 1622 865 1700 aegida
885 1622 990 1696 crines,

254 1723 411 1781 Pallenaea
433 1719 499 1778 Ioui
520 1718 646 1778 mutauit
666 1718 790 1778 fulmina
812 1720 949 1796 Cyclops.
1170 1736 1217 1790 150

283 1900 343 1959 Tru
359 1899 437 1976 sagas
456 1899 628 1974 ofdtsaster
646 1906 674 1958 to
694 1901 742 1957 tlte
762 1902 934 1976 Pompeiam
955 1901 1020 1957 and
1036 1899 1073 1972 of
1085 1898 1149 1956 dire

499 1997 605 2072 vt'ctory
626 2004 654 2056 to
675 1999 722 2055 tlte
745 1999 926 2057 Caesariana

296 2123 366 2181 Non
388 2132 489 2181 tamen
509 2119 653 2179 abstinuit
674 2131 816 2181 uenturos
836 2121 962 2199 prodere
982 2141 1067 2180 casus

254 2237 307 2294 per
327 2217 420 2277 uarias
442 2221 574 2290 Fortuna
595 2228 689 2278 notas.
733 2238 803 2277 nam
824 2221 967 2279 Thessala
987 2239 1055 2278 rura

254 2333 321 2373 cum
343 2326 486 2391 peterent,
508 2326 588 2376 totus
610 2315 798 2376 uenientibus
819 2315 932 2377 obstitit
952 2317 1060 2388 aether,

254 2414 454 2490 aduersasque
475 2415 555 2474 faces
575 2412 773 2490 inmensoque
793 2413 861 2491 igne
882 2417 1036 2474 columnas

255 2523 285 2569 et
306 2512 437 2572 trabibus
458 2510 556 2571 mixtis
577 2510 682 2572 auidos
703 2513 850 2589 typhonas
872 2532 1013 2590 aquarum

257 2609 370 2682 detulit,
392 2621 483 2684 atque
504 2611 607 2669 oculos
628 2609 744 2686 ingesto
765 2611 878 2688 fulgure
900 2610 1023 2684 clausit3

255 2707 383 2768 excussit
403 2707 504 2767 cristas
525 2709 625 2784 galeis,
647 2708 831 2785 capulosque
853 2707 956 2768 solutis

255 2807 383 2883 perfudit
404 2806 518 2882 gladiis,
541 2817 701 2882 ereptaque
723 2806 783 2882 pila
804 2805 934 2882 liquauit,

254 2905 452 2980 aethereoque
473 2923 586 2964 nocens
607 2903 733 2963 fumauit
755 2905 896 2980 sulphure
916 2905 1034 2964 ferrum

254 3020 393 3061 necnon
415 3001 570 3062 innumero
592 3013 736 3079 cooperta
756 3001 893 3061 examine
915 3002 999 3079 signa

255 3099 365 3176 uixque
387 3103 504 3160 reuolsa
524 3103 598 3170 solo,
622 3098 726 3159 maiori
747 3100 879 3175 pondere
900 3119 1034 3177 pressum

257 3195 385 3272 signiferi
406 3217 534 3258 mersere
554 3210 643 3275 caput
665 3197 795 3258 rorantia
816 3198 894 3270 fletu,

256 3295 409 3370 usquead
430 3294 615 3356 Thessaliam
637 3299 777 3356 Romana
798 3307 827 3355 et
848 3295 967 3372 publica
989 3295 1078 3372 signa.

254 3393 392 3452 admotus
414 3393 527 3470 superis
548 3393 681 3454 discussa
701 3392 776 3469 fugit
797 3394 836 3452 ab
857 3412 907 3451 ara

254 3501 353 3549 taurus
374 3500 403 3549 et
424 3491 580 3551 Emathios
600 3511 744 3568 praeceps
766 3510 797 3548 se
819 3489 888 3550 iecit
908 3489 939 3548 in
961 3509 1046 3566 agros
1057 3511 1065 3563 3

354 3678 429 3743 inque
445 3679 523 3728 oculis
539 3678 669 3727 hominum
686 3680 810 3744 fregerunt
827 3679 931 3728 fulmina
948 3680 1028 3728 nubes
1171 3690 1218 3740 154
