2875 4234
499 357 567 406 Lm.
590 357 643 405 vn
672 346 848 423 138—197.

208 499 350 573 nullaque
371 497 494 556 funestis
515 496 637 558 inuenta
658 498 844 558 est-uictima
865 497 962 558 sacris.

208 608 237 656 at
260 607 301 668 tu,
323 615 399 672 quos
420 596 717 672 scelerumsuperos,
739 615 813 673 quas
834 595 887 656 rite
909 595 1022 656 uocasti

210 692 401 765 Eumenidas,
425 695 557 755 Caesar?
597 693 690 770 Stygii
711 713 788 770 quae
809 693 933 753 numina
953 695 1043 771 regni,

209 789 414 868 infernumque
436 792 538 867 Nefas,
561 802 589 851 et
611 812 724 852 mersos
746 805 835 853 noete
857 795 1005 854 Furores?
1125 815 1171 866 170

209 888 303 966 impia
323 900 494 969 tamflsaeue
514 901 650 975 gesturus
671 893 751 951 bella
770 891 867 952 litasti.

210 985 268 1046 iarn
291 984 427 1065 (dubium
449 987 629 1048 monstrisne
649 988 739 1048 deum
762 987 894 1050 nimione
914 990 1019 1068 pauori

210 1083 401 1162 crediderint)
422 1083 521 1145 multis
542 1105 716 1146 concurrere
738 1085 818 1148 uisus
840 1090 971 1166 Olympo

211 1183 332 1256 Pindus,
354 1194 385 1243 et
405 1183 537 1261 abruptis
558 1182 650 1261 mergi
670 1185 857 1246 conuallibus
880 1189 1025 1259 Haemus,

210 1283 298 1342 edere
318 1292 478 1341 nocturnas
499 1281 568 1342 belli
591 1283 742 1343 Pharsalia
762 1303 861 1357 uoces,
1126 1304 1171 1357 175

212 1378 252 1440 ire
272 1400 325 1458 per
346 1381 490 1441 Ossaeam
511 1377 633 1457 rapidus
654 1382 808 1443 Boebeida
830 1381 949 1460 sangnis
959 1403 969 1456 3

210 1476 302 1553 inque
323 1476 419 1538 uicem
441 1480 539 1539 uoltus
560 1477 689 1539 tenebris
711 1478 852 1539 mirantur
873 1492 992 1557 opertos

211 1586 241 1636 et
261 1576 371 1652 pallere
393 1575 473 1636 diem
493 1575 645 1654 galeisque
666 1575 837 1638 incumbere
858 1591 986 1650 noctem,

211 1674 427 1750 defunctosque
449 1675 560 1735 ululare
580 1686 678 1752 patres
700 1687 730 1735 et
750 1675 901 1753 sanguinis
923 1677 1043 1735 umbras

211 1781 280 1830 ante
300 1773 405 1830 oculos
425 1771 549 1833 uolitare
570 1793 648 1833 suos.
685 1773 875 1834 dementibus
897 1792 988 1832 unum
1128 1781 1174 1832 180

211 1870 269 1930 hoc
290 1871 424 1929 solamen
445 1882 507 1930 erat
528 1874 610 1948 quod
632 1870 695 1931 uoti
716 1872 804 1932 turba
824 1870 945 1931 nefandi

212 1967 340 2040 conscia,
362 1987 439 2045 quae
459 1980 576 2046 patrum
598 1968 722 2047 iugulos,
745 1988 821 2045 quae
841 1980 963 2046 pectora
983 1970 1102 2028 fratrum

213 2067 359 2143 sperabat,
380 2068 492 2144 gaudet
512 2067 651 2126 monstris
672 2066 839 2143 mentisque
861 2070 997 2140 tumultu,

212 2175 302 2241 atque
323 2185 412 2226 omen
434 2167 577 2226 scelerum
599 2165 714 2225 subitos
735 2177 820 2242 putat
842 2185 906 2225 esse
927 2167 1046 2226 furores.

289 2331 336 2407 Of
349 2332 397 2389 tlte
410 2340 496 2406 great
515 2332 626 2406 constat
644 2339 672 2390 to
692 2332 739 2388 tlte
759 2338 818 2388 rest
836 2331 874 2406 of
886 2331 933 2390 tlte
953 2332 1053 2390 world.

253 2453 335 2531 Quid
356 2455 462 2515 mirum
484 2457 620 2533 populos,
643 2474 720 2532 quos
741 2456 791 2514 lux
812 2467 942 2516 extrema
963 2457 1110 2528 manebat,
1130 2465 1174 2528 185

214 2555 368 2631 lymphato
389 2551 552 2631 trepidasse
573 2564 663 2627 metu,
686 2573 829 2631 praesaga
850 2555 994 2613 malorum

214 2652 239 2711 si
259 2652 331 2711 data
350 2671 435 2711 mens
455 2649 571 2710 homini
592 2654 658 2711 est?
699 2651 795 2729 Tyriis
816 2650 867 2729 qui
888 2651 1024 2712 Gadibus
1044 2652 1153 2728 hospes

214 2748 330 2809 adiacet
350 2748 585 2825 Armeniumque
606 2749 681 2810 bibit
704 2752 859 2810 Romanus
881 2753 1007 2822 Araxen,

214 2847 270 2906 sub
292 2866 481 2924 quocumque
502 2847 560 2920 die,
583 2866 773 2924 quocumque
795 2860 840 2909 est
861 2848 957 2908 sidere
979 2848 1092 2921 mundi,

216 2957 327 3004 maeret
347 2955 378 3004 et
398 2945 514 3021 ignorat
533 2965 637 3005 causas
657 2945 849 3023 animumque
869 2947 1023 3006 dolentem
1130 2968 1176 3016 190

214 3040 343 3116 corripit,
367 3041 511 3101 Emathiis
533 3041 605 3118 quid
626 3044 730 3119 perdat
751 3043 869 3102 nescius
890 3042 975 3102 aruis.

216 3141 369 3215 Euganeo,
392 3138 417 3198 si
437 3159 508 3200 uera
528 3141 602 3200 fides
624 3140 865 3212 memorantibus,
887 3158 979 3216 augur

215 3239 292 3297 colle
313 3239 429 3310 sedens,
451 3240 578 3315 Aponus
598 3237 680 3298 terris
702 3237 753 3298 ubi
774 3237 890 3296 fumifer
912 3234 970 3296 exit

215 3346 305 3411 atque
326 3335 490 3395 Antenorei
512 3335 688 3412 dispergitur
709 3335 790 3394 unda
811 3332 939 3407 Timaui,

217 3432 326 3494 ‘Venit
347 3453 463 3493 summa
484 3434 556 3506 dies,
577 3433 687 3511 geritur
706 3453 753 3493 res
774 3431 936 3506 maxima3'
964 3432 1037 3492 dixit
1131 3453 1175 3505 195

218 3530 316 3608 ‘inpia
336 3543 516 3592 concurrunt
537 3531 662 3608 Pompei
684 3543 714 3592 et
736 3530 875 3593 Caesaris
893 3530 990 3589 arma*
1002 3551 1016 3586 ·.

217 3649 268 3689 seu
291 3631 414 3691 tonitrus
432 3651 470 3692 ac
491 3633 552 3694 tela
573 3632 660 3694 Iouis
682 3652 839 3714 praesaga
857 3625 1001 3698 notauit,
