2875 4234
214 379 255 441 26
466 387 604 436 chnur
627 386 676 434 ou
700 384 819 434 necno
842 383 956 434 crvrnr

253 539 360 617 inpulit
379 547 514 598 amentes
534 535 657 613 aurique
678 535 821 613 cupidine
843 555 949 596 caecos

254 639 294 697 ire
315 656 403 713 super
422 633 538 711 gladios
559 652 709 710 supraque
730 634 878 693 cadauera
897 644 1016 709 patrum

253 748 283 797 et
303 754 406 796 caesos
427 736 542 793 calcare
563 734 662 793 duces.
706 751 785 808 quae
809 733 895 803 fossa,
919 729 984 807 quis
1005 749 1094 808 agger

254 830 396 890 sustineat
418 824 546 903 pretium
567 825 638 886 belli
660 827 866 901 scelerumque
887 823 1038 902 petentis?
1166 844 1218 898 750

253 927 327 987 scire
347 935 444 996 ruunt,
467 935 579 1000 quanta
598 922 705 983 suerint
727 924 864 984 mercede
885 932 1048 983 nocentesz

253 1023 393 1083 inuenere
414 1021 535 1098 quidem
557 1020 684 1097 spoliato
706 1021 834 1096 plurima
854 1022 968 1080 mundo

254 1123 398 1180 bellorum
420 1119 451 1178 in
472 1130 607 1195 sumptus
628 1131 788 1195 congestae
810 1120 944 1196 pondera
965 1138 1099 1178 massae:

254 1219 308 1278 sed
330 1237 391 1278 non
413 1216 548 1293 impleuit
569 1217 716 1292 cupientis
738 1217 840 1276 omnia
861 1228 985 1276 mentes

254 1315 399 1393 quidquid
422 1313 497 1374 fodit
520 1314 625 1384 Hiber,
647 1313 794 1390 quidquid
816 1316 915 1390 Tagus
938 1313 1038 1391 expuit
1059 1313 1130 1384 auri,
1165 1333 1213 1387 755

253 1415 336 1490 quod
358 1412 428 1490 legit
448 1412 533 1472 diues
555 1411 679 1471 summis
700 1411 874 1489 Arimaspus
895 1411 1012 1471 harenis

254 1523 286 1571 ut
306 1511 431 1588 rapiant,
452 1529 544 1586 paruo
564 1511 661 1568 scelus
682 1511 740 1570 hoc
761 1510 877 1570 uenisse
898 1511 1063 1588 putabunt:

253 1629 323 1668 cum
344 1607 399 1668 sibi
421 1607 562 1684 Tarpeias
583 1606 678 1667 uictor
698 1608 891 1685 desponderit
912 1628 1001 1680 arces,

253 1727 321 1765 cum
343 1725 395 1782 spe
418 1708 573 1765 Romanae
596 1705 762 1782 promiserit
784 1705 885 1766 omnia
906 1707 1042 1782 praedae,

252 1803 397 1880 decipitur
416 1805 497 1880 quod
519 1814 613 1862 castra
634 1803 717 1879 rapit.

272 1966 311 2022 To
335 1964 444 2023 Caesar
462 1966 525 2022 arrd
542 1965 588 2022 lais
609 1972 703 2040 troops
724 1966 813 2040 asleep
833 1965 865 2022 in
885 1965 932 2022 tlze
951 1973 1032 2039 camp
1053 1933 1162 2038 appear

495 2062 542 2118 tlee
552 2062 712 2136 phantoms
732 2063 768 2136 os
781 2063 827 2119 tlte
847 2062 929 2119 slain.

725 2192 815 2270 capit
835 2192 918 2268 inpia
938 2193 1041 2268 plebes
1167 2202 1217 2265 760

253 2292 382 2372 caespite
402 2291 527 2370 patricio
548 2308 678 2362 somnos
701 2310 882 2367 caesumque
902 2290 999 2350 cubile

253 2391 369 2467 regibus
391 2388 530 2447 infandus
551 2386 636 2447 miles
657 2386 773 2464 premit,
796 2387 886 2463 inque
907 2398 1063 2462 parentum

253 2487 344 2565 inque
364 2485 436 2547 toris
456 2488 577 2545 fratrum
597 2497 760 2562 posuerunt
782 2485 915 2544 membra
936 2498 1097 2546 nocentes:

254 2605 329 2663 quos
350 2585 441 2662 agitat
463 2604 591 2644 uaesana
612 2585 695 2660 quies
717 2582 873 2659 somnique
895 2584 1025 2642 furentes

253 2683 456 2743 Thessalicam
478 2681 591 2742 miseris
611 2694 731 2742 uersant
752 2682 782 2741 in
803 2691 923 2758 pectore
944 2700 1082 2757 pugnam.
1168 2692 1216 2756 765

255 2781 387 2858 inuigilat
408 2780 522 2840 cunctis
543 2799 667 2840 saeuum
688 2782 793 2853 scelus,
817 2799 957 2856 armaque
978 2790 1041 2838 tota

255 2893 354 2940 mente
374 2879 494 2956 agitant,
517 2880 685 2955 capuloque
706 2898 812 2937 manus
834 2880 958 2937 absente
979 2889 1144 2937 mouentur.

255 2978 433 3055 ingemuisse
454 2988 557 3054 putem
579 2996 702 3052 campos
724 2988 890 3052 terramque
911 2988 1072 3036 nocentem
1157 3032 1161 3042 ,

255 3074 413 3152 inspirasse
434 3075 557 3146 animas,
579 3074 780 3150 infectumque
801 3094 868 3134 aera
890 3085 984 3133 totum

256 3173 391 3232 manibus
413 3186 442 3233 et
463 3193 600 3249 superam
622 3172 723 3250 Stygia
743 3171 902 3232 formidine
923 3184 1051 3233 noctem.
1169 3193 1218 3246 770

255 3269 343 3346 exigit
363 3291 381 3329 a
402 3271 514 3331 miseris
536 3269 631 3330 tristes
654 3269 778 3330 uictoria
798 3290 918 3347 poenas

255 3369 400 3446 sibilaque
421 3382 449 3430 et
472 3371 606 3428 flammas
627 3367 714 3441 insert
736 3388 832 3444 sopor.
877 3370 982 3427 umbra
1003 3369 1149 3446 perempti

256 3463 329 3523 ciuis
350 3465 451 3526 adest:
480 3485 533 3524 sua
554 3483 703 3540 quemque
725 3463 830 3540 premit
852 3465 968 3524 terroris
990 3466 1106 3540 imago:

255 3561 304 3620 ille
325 3580 430 3622 senum
452 3563 560 3633 uoltus,
583 3560 725 3620 iuuenum
747 3561 829 3620 uidet
850 3560 899 3620 ille
920 3562 1043 3637 figuras,

255 3658 336 3716 hunc
356 3657 467 3732 agitant
489 3658 558 3718 totis
580 3660 706 3717 fraterna
727 3659 872 3719 cadauera
893 3659 1023 3734 somnis;
1169 3680 1216 3734 775
