2875 4234
496 360 640 411 L1ss.v11
668 351 842 428 198-256.

209 506 328 568 illucet
349 505 442 584 Libye
463 508 610 568 Numidas
631 519 662 570 et
682 511 772 571 Creta
792 509 933 585 Cydonas

209 604 305 665 misit:
335 604 459 666 Ituraeis
480 626 582 666 cursus
602 605 657 667 fuit
678 606 749 667 inde
770 607 900 684 sagittis:

208 700 288 776 inde,
310 713 406 762 truces
427 703 513 775 Galli,
536 703 656 764 solitum
677 704 815 782 prodistis
837 704 867 763 in
889 706 1025 764 hostem:

209 794 268 854 illic
288 815 438 874 pugnaces
458 798 622 857 commouit
645 797 772 858 Hiberia
791 809 913 858 caetras.

209 890 289 969 eripe
309 891 414 952 uictori
433 905 546 970 gentes,
569 906 599 955 et
619 895 762 972 sanguine
782 896 886 956 mundi

208 990 283 1062 fuso,
306 991 427 1067 Magne,
449 993 541 1051 semel
562 1002 642 1054 totos
662 1012 806 1054 consume
826 991 999 1069 triumphos.

334 1131 442 1189 Caesar
461 1131 597 1191 discovers
617 1133 683 1191 that
701 1134 749 1191 the
767 1134 843 1192 bour
861 1134 916 1191 has
934 1150 1013 1192 come.

251 1237 308 1295 Illo
327 1237 402 1295 forte
423 1236 472 1295 die
494 1237 605 1296 Caesar
625 1236 753 1297 statione
774 1237 875 1296 relicta

209 1331 248 1390 ad
269 1341 401 1408 segetum
422 1342 522 1408 raptus
542 1343 677 1391 motums
698 1331 790 1409 signa,
812 1342 933 1408 repente

209 1426 355 1506 conspicit
374 1428 405 1487 in
426 1430 532 1505 planos
552 1430 669 1490 hostem
691 1432 873 1490 descendere
894 1448 1027 1505 campos,

209 1524 402 1600 oblatumque
423 1523 506 1584 uidet
527 1524 605 1584 uotis
627 1523 683 1584 sibi
704 1525 785 1585 mille
806 1525 932 1602 petitum

208 1631 335 1698 tempus,
357 1619 386 1680 in
407 1631 554 1681 extremos
575 1640 636 1697 quo
657 1619 786 1682 mitteret
806 1621 907 1681 omnia
927 1640 1020 1680 casus.

209 1738 296 1795 aeger
315 1718 426 1796 quippe
447 1737 547 1779 morae
569 1720 752 1797 flagransque
773 1717 913 1794 cupidine
935 1716 1017 1795 regni
1120 1741 1167 1788 240

210 1826 349 1892 coeperat
369 1814 476 1892 exiguo
497 1826 591 1876 tractu
611 1814 710 1875 ciuilia
731 1816 808 1876 bella

210 1924 243 1972 ut
263 1915 374 1974 lentum
396 1913 537 1974 damnare
558 1915 648 1973 nefas.
691 1910 861 1973 discrimina
881 1923 1037 1989 postquam

211 2009 371 2072 aduentare
391 2011 502 2071 ducum
523 2029 718 2088 supremaque
739 2009 850 2086 proelia
870 2009 953 2083 uidit,

210 2126 343 2167 casuram
363 2116 393 2167 et
410 2108 462 2167 fati
483 2107 574 2168 sensit
595 2118 698 2167 nutare
719 2105 841 2179 ruinam,
991 2178 1001 2195 ι

211 2202 262 2264 illa
282 2222 402 2280 quoque
422 2203 453 2263 in
473 2207 580 2265 ferrum
602 2203 697 2265 rabies
717 2201 938 2282 promptissima
960 2204 1081 2278 paulurn
1121 2222 1167 2276 ²45

211 2300 331 2379 languit,
353 2312 382 2361 et
403 2321 489 2361 casus
509 2303 607 2362 audax
627 2303 776 2378 spondere
796 2301 944 2360 secundos

211 2417 297 2458 mens
317 2396 398 2458 stetit
417 2398 449 2457 in
470 2398 571 2471 dubio,
593 2418 683 2475 quam
706 2418 762 2459 nec
783 2419 837 2458 sua
857 2401 917 2458 lata
938 2398 1040 2459 timere

211 2515 268 2555 nec
290 2494 394 2572 Magni
414 2515 531 2573 sperare
552 2495 659 2555 sinunt.
702 2496 859 2557 formidine
881 2517 976 2557 mersa

211 2592 326 2669 prosilit
346 2594 494 2653 hortando
514 2592 619 2652 melior
639 2592 748 2652 fiducia
769 2596 867 2670 uolg0.

422 2724 555 2782 Caesar‘s
574 2723 692 2781 address
711 2730 740 2780 to
760 2724 806 2781 his
826 2730 927 2799 troops.

254 2829 299 2889 ‘O
321 2826 450 2888 domitor
470 2825 581 2898 mundi,
604 2846 700 2888 rerum
722 2828 839 2888 fortuna
859 2847 999 2901 mearum,
1123 2849 1170 2901 250

214 2923 306 2996 mileS,
329 2925 414 2984 adest
434 2923 543 2984 totiens
564 2935 683 3001 optatae
704 2923 792 3001 copia
812 2943 934 3000 pugnae.

214 3021 255 3080 nil
275 3041 352 3098 opus
373 3033 418 3081 est
438 3021 534 3093 uotis,
561 3020 619 3081 iam
642 3023 736 3081 fatum
756 3020 896 3080 accersite
916 3021 1000 3081 ferro.

214 3119 244 3178 in
265 3118 403 3178 manibus
425 3119 536 3190 uestris,
559 3130 687 3196 quantus
709 3117 746 3177 sit
768 3119 883 3189 Caesar,
906 3116 1027 3177 habetis.

215 3218 289 3277 haec
310 3226 355 3276 est
376 3215 426 3276 illa
446 3216 510 3276 dies
531 3215 604 3276 mihi
625 3235 715 3292 quam
738 3212 902 3273 Rubiconis
923 3215 961 3272 ad
983 3215 1078 3273 undas

214 3311 390 3389 promissam
411 3312 542 3384 memini,
565 3313 648 3372 cuius
669 3333 722 3388 spe
744 3310 891 3370 mouimus
911 3329 1000 3380 arma,
1123 3329 1170 3382 255

214 3411 245 3470 iu
266 3429 356 3486 quam
377 3409 544 3470 distulimus
565 3408 672 3469 uetitos
694 3425 824 3467 remeare
846 3404 1011 3482 triumphos
1022 3427 1031 3480 3

270 3539 333 3590 haec
349 3540 437 3590 eadem
454 3547 500 3598 est,
517 3539 593 3588 hodie
609 3555 673 3604 quae
690 3539 794 3602 pignora
811 3551 924 3599 quaeque
942 3543 1048 3599 penates
1130 3545 1183 3587 ‘rm

270 3621 359 3671 reddat
376 3629 401 3670 et
417 3622 521 3671 emerito
537 3620 612 3670 saciat
628 3636 675 3671 uos
691 3621 779 3670 Marte
795 3618 913 3668 colonos.
1157 3605 1212 3654 ’ᾧ
