2875 4234
214 401 254 448 22
466 393 604 444 LVCANl
629 392 678 441 DE
701 391 821 442 BELLO
844 390 959 441 ClVILI

256 541 346 616 inque
366 538 459 599 hostis
480 538 568 597 cadat
588 557 670 597 arma
691 537 737 597 sui
746 559 755 611 ;
783 536 849 614 quis
870 547 991 614 pectora
1011 534 1107 596 fratris

254 638 360 697 caedat
381 647 419 707 et,
442 647 475 696 ut
496 646 600 695 notum
623 635 717 712 possit
739 634 866 712 spoliare
887 637 1024 707 cadauer,

253 734 400 794 abscisum
423 735 512 812 longe
533 733 632 794 mittat
653 746 765 811 caput3
793 754 845 793 ora
865 732 997 811 parentis

254 832 320 911 quis
341 833 449 891 laceret
470 829 620 909 nimiaque
641 832 748 909 probet
770 830 974 908 spectantibus
995 829 1047 902 ira,

255 950 345 1008 quem
366 929 487 1006 iugulat,
509 949 570 990 non
589 949 654 990 esse
673 939 796 1007 patrem.
827 949 906 988 mors
924 929 1005 987 nulla
1025 928 1156 1004 querella
1169 937 1221 1000 630

255 1028 346 1105 digna
366 1046 419 1086 sua
439 1038 493 1100 est,
515 1030 674 1104 nullosque
695 1027 852 1087 hominum
874 1030 973 1104 lugere
994 1046 1144 1087 uacamus.
1215 1051 1219 1058 ·

256 1145 317 1185 non
336 1124 407 1185 istas
428 1124 533 1184 habuit
554 1144 673 1202 pugnae
695 1127 846 1186 Pharsalia
866 1138 975 1203 partes,

256 1242 329 1300 quas
350 1222 425 1282 aliae
446 1223 565 1283 clades:
591 1221 651 1282 illic
672 1242 725 1299 per
745 1225 805 1282 fata
826 1223 967 1296 uirorum,

256 1341 310 1398 per
330 1323 459 1398 populos
480 1320 530 1379 hic
551 1324 650 1380 Roma
671 1321 765 1397 perit:
793 1341 870 1397 quae
890 1321 991 1381 militis
1012 1321 1081 1396 illic,

257 1440 336 1479 mors
357 1419 406 1479 hic
425 1419 521 1497 gentis
542 1431 622 1494 erat;
650 1419 769 1498 sanguis
790 1420 832 1480 ibi
853 1420 936 1479 fluxit
957 1420 1104 1492 Achaeus,
1166 1428 1217 1494 ⁶35

259 1518 408 1591 Ponticus,
430 1518 582 1596 Assyrius3
611 1529 736 1578 cunctos
757 1520 877 1579 haerere
899 1538 1017 1578 cruores

258 1619 414 1675 Romanus
435 1615 608 1692 campisque
628 1626 710 1676 uetat
731 1617 893 1677 consistere
915 1628 1036 1677 torrens.

257 1713 352 1774 maius
372 1715 411 1773 ab
431 1715 487 1772 hac
508 1713 580 1787 acie,
603 1734 694 1790 quam
715 1717 798 1792 quod
819 1717 1011 1775 sua'saecula
1031 1718 1147 1785 ferrent,

258 1812 364 1869 uolnus
385 1810 498 1869 habent
518 1810 641 1887 populi3
668 1813 736 1888 plus
757 1824 801 1872 est
822 1832 913 1888 quam
935 1812 998 1872 uita
1018 1814 1156 1889 salusque

258 1909 341 1984 quod
361 1905 455 1983 perit;
482 1906 513 1964 in
534 1917 630 1966 totum
652 1908 756 1968 mundi
777 1908 988 1985 prosternimur
1008 1929 1135 1969 aeuum:
1170 1918 1222 1980 640

258 2004 385 2064 uincitur
405 2004 451 2062 his
472 2003 578 2079 gladiis
599 2004 697 2064 omnis
718 2025 796 2082 quae
817 2006 926 2066 seruiet
946 2018 1035 2066 aetas.

259 2102 393 2178 proxima
413 2101 486 2177 quid
508 2103 627 2161 suboles
648 2114 699 2162 aut
720 2103 794 2178 quid
816 2123 948 2163 meruere
969 2115 1094 2180 nepotes

259 2201 290 2259 in
310 2221 432 2277 regnum
454 2199 558 2260 nasci?
598 2200 707 2276 pauide
729 2220 800 2259 num
821 2201 966 2278 gessimus
987 2221 1077 2274 arma,

259 2296 383 2358 teximus
404 2308 454 2356 aut
476 2297 614 2373 iugulos?
655 2296 745 2356 alieni
766 2317 864 2375 poena
884 2297 998 2358 timoris

260 2394 290 2452 in
312 2405 412 2455 nostra
432 2393 549 2454 ceruice
570 2395 662 2454 sedet.
706 2405 775 2470 post
796 2395 909 2471 proelia
930 2394 1006 2455 natis
1171 2405 1221 2468 645

260 2491 284 2551 si
305 2491 471 2565 dominum,
494 2494 633 2563 Fortuna,
656 2493 758 2564 dabaS,
780 2502 810 2550 et
832 2494 910 2551 bella
931 2491 1074 2552 dedisses.

288 2662 409 2735 Pompey
429 2680 486 2717 sees
505 2661 572 2717 tlzat
591 2661 637 2717 all
654 2661 681 2716 is
700 2679 766 2718 over
786 2662 849 2717 and
867 2662 967 2718 retz'res
981 2661 1150 2718 undauntcd

592 2754 676 2828 from
697 2756 745 2812 tlte
754 2757 836 2830 field.

302 2887 367 2944 Iam
390 2888 517 2962 Magnus
538 2885 676 2946 transisse
698 2888 772 2946 deos
794 2891 991 2966 Romanaque
1012 2891 1071 2949 fata

261 2996 392 3044 senserat
411 2984 520 3056 infelix,
543 2996 606 3044 tota
626 2987 676 3044 uix
696 2988 782 3045 clade
802 3001 923 3047 coactus

260 3085 407 3142 fortunam
430 3084 571 3142 damnare
592 3103 684 3142 suam.
727 3084 807 3144 stetit
827 3104 932 3161 aggere
954 3085 1052 3161 campi

261 3179 384 3252 eminus,
406 3180 487 3239 unde
508 3179 605 3239 omnis
626 3200 742 3257 sparsas
763 3201 815 3258 per
835 3182 980 3242 Thessala
1000 3203 1066 3242 rura
1173 3193 1224 3256 650

261 3280 428 3355 adspiceret
448 3279 549 3339 clades
571 3299 648 3356 quae
668 3280 748 3340 bello
770 3281 907 3340 obstante
928 3282 1068 3341 latebant.

262 3387 306 3436 tot
326 3375 392 3436 telis
413 3396 467 3436 sua
487 3378 546 3436 sata
568 3376 640 3453 peti,
661 3388 706 3437 tot
727 3397 852 3454 corpora
872 3379 945 3452 susa,

262 3493 297 3532 ac
318 3493 350 3534 se
371 3484 432 3533 tam
453 3475 548 3533 multo
569 3484 742 3550 pereuntem
764 3473 906 3551 sanguine
927 3473 1011 3535 uidit.

263 3590 328 3643 nec,
350 3572 426 3630 sicut
448 3591 512 3630 mos
534 3581 578 3630 est
600 3571 721 3643 miseris,
743 3573 857 3632 trahere
878 3573 979 3632 omnia
1000 3593 1100 3633 secum

194 3729 199 3735 ,
262 3687 357 3728 mersa
377 3668 459 3727 iuuat
475 3680 642 3746 gentesque
662 3690 735 3730 suae
756 3670 881 3730 miscere
902 3670 1022 3728 ruinae:
1173 3681 1224 3741 633
