2875 4234
495 386 564 434 mu.
587 385 640 433 v11
665 371 844 450 502—568.

209 535 258 594 hic
278 554 419 594 numerus
440 543 520 592 totos
541 531 597 592 tibi
619 531 727 592 uestiat
748 529 865 591 ossibus
885 548 989 606 agros:

209 646 260 695 aut
281 634 306 694 si
328 636 470 692 Romano
490 630 634 708 compleri
655 627 798 707 sanguine
819 629 924 697 mauis,

209 731 273 792 istis
293 750 384 808 parce
405 750 528 807 precor;
556 728 659 788 uiuant
681 728 866 802 Galataeque
888 723 1019 802 Syrique,
1128 742 1175 794 540

210 830 409 908 Cappadoces
430 827 569 904 Gallique
591 827 774 902 extremique
794 825 874 884 orbis
896 821 1012 895 Hiberi,

211 925 352 998 Armenii,
375 924 503 1000 Cilices3
531 943 601 983 nam
623 934 692 1000 post
712 921 813 982 ciuilia
833 923 912 981 bella

209 1024 258 1084 hic
278 1026 409 1102 populus
430 1027 588 1083 Romanus
609 1021 673 1082 erit.
714 1023 807 1081 semel
830 1034 910 1081 ortus
931 1017 962 1078 in
983 1039 1089 1080 omnes

210 1121 233 1182 it
254 1121 351 1196 timor,
372 1133 403 1181 et
423 1119 491 1181 latis
512 1120 600 1180 datus
621 1131 665 1180 est
686 1139 741 1196 pro
762 1121 889 1180 Caesare
911 1138 1021 1178 cursus.

259 1293 317 1350 Ila
336 1292 434 1366 bloody
445 1290 528 1365 fight
546 1289 578 1348 in
600 1289 646 1346 tlte
665 1295 766 1348 centra.
814 1287 944 1346 Carsais
963 1288 1086 1362 actaebity.

251 1418 383 1475 Ventum
405 1425 467 1474 erat
485 1415 524 1473 ad
543 1416 632 1472 robur
653 1410 756 1489 Magni
776 1410 948 1488 mediasque
967 1424 1108 1472 cateruas.
1125 1432 1172 1486 545

210 1514 293 1588 quod
313 1522 394 1572 totos
415 1531 512 1572 errore
533 1530 611 1587 uago
632 1510 802 1587 perfuderat
822 1528 916 1586 agros,

210 1607 342 1671 constitit
363 1606 412 1668 hic
432 1610 554 1682 bellum,
574 1610 752 1683 fortunaque
774 1606 910 1668 Caesaris
930 1605 1032 1667 haesit.

209 1707 270 1767 illic
290 1727 352 1767 non
373 1726 476 1783 regum
497 1704 611 1764 auxiliis
632 1705 759 1764 collecta
779 1704 917 1763 iuuentus
953 1698 956 1702 ’

209 1805 290 1865 bella
308 1802 383 1880 gerit
402 1803 570 1879 ferrumque
591 1821 697 1861 manus
719 1821 840 1862 mouere
861 1812 996 1877 rogatae:

210 1902 259 1962 ille
280 1904 364 1961 locus
385 1902 486 1960 fratres
508 1897 612 1960 habuit
632 1901 717 1958 locus
738 1897 787 1958 ille
806 1908 966 1975 parentes,
1125 1918 1174 1971 550

211 1999 259 2060 hic
279 2001 366 2072 furor,
389 1999 438 2058 hic
459 1999 566 2072 rabies,
588 1997 636 2056 hic
658 2009 727 2056 sunt
748 2008 799 2056 tua
819 1995 951 2068 crimina,
974 1998 1102 2056 Caesar:

209 2099 288 2158 hanc
308 2101 384 2176 fuge,
406 2118 498 2172 mens,
521 2095 593 2156 belli
614 2109 728 2173 partem
751 2096 941 2172 tenebrisque
961 2095 1103 2173 relinque,

208 2197 350 2272 nullaque
371 2206 521 2256 tantorum
542 2193 637 2254 discat
660 2214 707 2253 me
729 2206 798 2254 uate
819 2194 972 2265 malorum,

210 2313 300 2369 quam
321 2295 448 2353 multum
469 2291 555 2352 bellis
576 2290 664 2351 liceat
684 2290 830 2364 ciuilibus,
853 2302 941 2350 aetas.

209 2411 228 2450 a
248 2390 347 2468 potius
367 2401 491 2468 pereant
512 2387 651 2448 lacrimae
672 2400 855 2465 pereantque
878 2390 1025 2466 querellae
1035 2411 1044 2462 5
1126 2410 1171 2463 555

210 2488 355 2567 quidquid
376 2489 407 2548 in
428 2490 487 2548 hac
506 2488 570 2548 acie
590 2487 715 2565 gessisti,
739 2491 846 2560 Roma,
870 2488 984 2549 tacebo.

209 2585 259 2645 hic
280 2589 397 2658 Caesar,
420 2587 516 2647 rabies
537 2586 642 2664 populi
663 2585 861 2662 stimulusque
882 2587 1022 2654 surorum,

210 2702 328 2758 nequa
348 2695 431 2759 parte
451 2683 497 2743 sui
518 2695 620 2761 pereat
641 2686 747 2757 sceluS,
769 2682 889 2760 agmina
909 2674 1019 2743 circum

209 2778 233 2838 it
254 2800 346 2857 uagus
367 2794 457 2857 atque
477 2779 584 2839 animis
606 2780 689 2857 ignes
710 2780 901 2859 flagrantibus
921 2782 1006 2842 addit
1016 2807 1024 2856 5

208 2875 327 2955 inspicit
348 2889 378 2938 et
397 2880 521 2956 gladios,
544 2877 595 2955 qui
616 2878 671 2938 toti
693 2881 836 2956 sanguine
858 2891 987 2951 manent,
1125 2891 1173 2954 560

209 2975 260 3051 qui
281 2975 396 3035 niteant
417 2975 513 3053 primo
534 2989 650 3037 tantum
672 2998 816 3038 mucrone
837 2977 959 3049 cruenti,

209 3092 285 3148 quae
306 3093 408 3150 presso
429 3085 536 3134 tremat
557 3095 628 3135 ense
650 3095 763 3158 manus,
786 3074 853 3152 quis
875 3075 1014 3151 languida
1037 3077 1102 3149 tela,

209 3169 275 3247 quis
296 3183 439 3232 contenta
459 3175 540 3245 serat,
563 3173 629 3249 quis
651 3186 781 3251 praestet
802 3175 881 3234 bella
902 3171 1025 3245 iubenti,

209 3286 299 3344 quem
320 3288 451 3345 pugnare
471 3270 562 3344 iuuet,
585 3270 650 3346 quis
672 3273 788 3330 uoltum
810 3270 875 3330 ciue
896 3279 1050 3347 perempto

208 3375 303 3425 mutet
314 3386 324 3439 5
352 3364 416 3426 obit
436 3364 502 3426 latis
523 3366 655 3444 proiecta
676 3369 825 3428 cadauera
846 3369 958 3444 campis
968 3389 978 3441 5
1123 3379 1171 3442 565

208 3464 331 3522 uolnera
352 3464 514 3522 multorum
534 3475 631 3525 toturn
653 3466 754 3524 lusura
774 3484 909 3524 cruorem

207 3557 347 3637 opposita
366 3561 474 3636 premit
495 3560 558 3638 ipse
580 3581 679 3622 manu.
724 3582 921 3640 quacumque
938 3572 1085 3636 uagatur,

208 3659 400 3733 sanguineum
423 3659 514 3722 ueluti
536 3661 681 3741 quatiens
701 3667 842 3729 Bellona
861 3662 1043 3739 ungentum,

1082 3767 1176 3817 γη.
