2875 4234
540 364 684 413 Lrn.v11
709 353 890 431 325-384

254 510 448 591 praecipitare
467 530 566 571 meam
586 509 654 571 satis
674 522 798 587 potuere
819 522 979 571 senectam.

255 629 315 668 non
337 610 475 668 iratorum
497 607 615 685 populis
635 608 760 682 urbique
781 608 905 666 deorum
926 617 971 666 est

255 704 430 782 Pompeium
452 723 568 765 seruare
588 706 705 764 ducem.
741 722 817 780 quae
838 701 956 762 uiucere
976 715 1107 778 possent,
1166 727 1213 783 355

254 803 355 862 omnia
375 802 563 865 contulimus.
607 802 723 862 subiere
744 800 876 877 pericula
895 800 965 860 clari

254 912 361 978 sponte
381 899 445 972 uiri,
467 919 608 976 sacraque
628 901 767 976 antiquus
787 898 915 975 imagine
936 897 1029 959 miles.

256 999 281 1058 si
302 999 408 1061 Curios
427 999 473 1057 bis
494 1000 555 1058 sata
575 1000 680 1058 darent
700 998 885 1073 reducesque
906 997 1048 1056 Camillos

254 1096 436 1173 temporibus
458 1095 628 1172 Deciosque
649 1106 740 1170 caput
759 1096 847 1155 fatale
867 1094 1015 1166 nouentis,

255 1195 325 1252 binc
346 1205 463 1254 starent.
506 1194 604 1271 primo
624 1205 729 1270 gentes
750 1193 874 1253 Oriente
894 1203 1024 1266 coactae,
1165 1207 1214 1270 360

253 1295 486 1369 innumeraeque
506 1294 602 1362 urbes,
625 1302 751 1366 quantas
772 1289 803 1349 in
824 1289 937 1366 proelia
956 1310 1126 1368 numquam,

253 1391 388 1452 exciuere
409 1411 520 1451 manus
565 1401 630 1450 toto
650 1388 737 1447 simul
758 1387 867 1448 utimur
887 1390 966 1448 orbe.

253 1489 399 1565 quidquid
420 1488 547 1565 signiferi
569 1506 777 1564 comprensum
799 1485 892 1546 limite
913 1488 986 1548 caeli

253 1588 309 1647 sub
331 1588 434 1648 Noton
453 1599 483 1646 et
502 1590 615 1646 Borean
637 1585 792 1646 hominum
814 1604 923 1657 sumus,
945 1606 1027 1646 anna
1046 1608 1209 1649 monemus.

254 1707 355 1747 nonne
375 1684 536 1761 superfusis
557 1687 714 1745 collectum
736 1682 875 1743 cornibus
896 1685 1012 1745 hostem
1163 1698 1211 1766 3⁶5

252 1783 283 1844 in
304 1783 435 1844 medium
458 1783 617 1842 dabimus?
658 1801 769 1858 paucas
790 1781 914 1841 uictoria
935 1784 1051 1842 dextras

252 1881 349 1958 exigit,
372 1892 402 1941 at
423 1884 522 1957 plures
545 1891 658 1941 tantum
681 1882 811 1939 clamore
831 1890 967 1940 cateruae

252 1981 331 2059 bella
349 1989 460 2056 gerent.
504 1981 615 2041 Caesar
635 1977 742 2038 nostris
763 1997 825 2036 non
845 1977 952 2037 sufficit
973 1977 1069 2038 annis.

222 2059 363 2160 sciedite
383 2078 550 2152 pendentes
571 2096 588 2137 e
609 2075 731 2136 summis
752 2074 910 2134 moenibus
931 2076 1011 2135 urbis

251 2171 382 2232 crinibus
403 2173 503 2233 effusis
524 2174 632 2235 hortari
654 2174 684 2233 in
706 2172 820 2249 proelia
841 2185 955 2233 matres.
1163 2195 1211 2247 370

252 2269 364 2330 credite
383 2272 585 2347 grandaeuum
606 2271 790 2347 uetitumque
812 2281 909 2330 aetate
931 2282 1067 2330 senatum

250 2385 333 2425 arma
353 2367 437 2444 sequi
458 2387 556 2428 sacros
576 2369 703 2446 pedibus
724 2377 908 2444 prosternere
928 2386 1029 2440 canos,

250 2474 340 2539 atque
360 2464 456 2541 ipsam
477 2465 592 2525 domini
612 2476 795 2526 metuentem
817 2484 968 2525 occunere
990 2468 1127 2527 Romam.

249 2560 361 2622 credite
382 2562 432 2640 qui
454 2583 534 2623 nunc
555 2575 600 2624 est
621 2565 750 2641 populus
770 2565 975 2641 populumque
995 2566 1123 2626 futurum

249 2660 409 2736 permixtas
429 2663 542 2723 adferre
563 2681 675 2739 preces.
717 2663 792 2721 haec
813 2660 905 2722 libera
925 2662 1015 2736 nasci,
1161 2685 1207 2738 375

248 2757 323 2817 haec
344 2761 407 2820 uolt
427 2761 514 2820 turba
534 2760 616 2821 mori.
661 2758 685 2819 si
706 2759 772 2836 quis
793 2772 862 2837 post
883 2763 1005 2838 pignera
1025 2773 1108 2823 tanta

249 2856 396 2934 Pompeio
417 2859 501 2919 locus
521 2869 574 2932 est,
597 2878 666 2918 cum
687 2859 770 2934 prole
792 2869 822 2917 et
843 2859 968 2936 coniuge
989 2862 1122 2937 supplex,

248 2952 363 3030 imperii
384 2956 467 3015 salua
487 2954 512 3015 si
533 2953 687 3016 maiestate
708 2956 817 3026 liceret,

246 3052 382 3113 uoluerer
402 3063 472 3113 ante
493 3053 594 3130 pedes.
639 3056 777 3130 Magnus,
801 3051 857 3111 nisi
878 3051 1003 3127 uincitis,
1026 3056 1116 3127 exsul,

247 3146 407 3207 ludibrium
429 3149 531 3222 socen',
554 3161 651 3210 uester
672 3152 777 3225 pudor,
801 3150 904 3208 ultima
924 3152 984 3209 fata
1158 3163 1206 3226 380

246 3243 391 3319 deprecor
411 3265 446 3305 ac
468 3257 569 3323 turpes
589 3245 711 3306 extremi
733 3245 860 3305 cardinis
881 3265 984 3320 annos,

245 3357 283 3398 ne
304 3338 418 3400 discam
439 3342 548 3403 seruire
569 3342 706 3429 sengxg's
718 3354 780 3402 tam
801 3352 915 3402 maesta
934 3341 1025 3403 locuti

244 3453 321 3494 uoce
342 3436 425 3496 ducis
447 3439 570 3516 flagrant
590 3438 680 3499 animi
702 3442 901 3514 Romanaque
923 3440 1013 3500 uirtus

244 3531 380 3610 erigitur,
409 3537 579 3613 placuitque
600 3537 683 3609 mori,
705 3537 730 3596 si
750 3556 821 3598 uera
841 3538 968 3597 timeret.
