2875 4234
565 375 634 426 Lm.
657 375 711 425 vn
734 365 891 444 78-137,

264 530 380 590 tradere
399 529 544 601 fortunae,
566 527 666 604 gladio
686 527 856 606 permittere
877 527 981 591 mundi

264 625 440 686 discrimen:
469 643 601 702 pugnare
622 625 731 685 ducem
752 646 843 703 quam
863 626 983 688 uincere
1005 629 1126 688 malunt.

265 743 311 783 res
331 721 404 782 mihi
424 725 578 783 Romanas
598 723 732 797 dederas,
756 726 893 798 Fortuna,
916 725 1080 803 regendas:
1176 749 1223 786 110

265 818 368 896 accipe
388 821 514 881 maiores
535 832 565 882 et
585 840 677 882 caeco
697 820 730 881 in
752 823 850 882 Marte
870 832 960 883 tuere.

266 918 391 995 Pompei
412 938 468 979 nec
488 918 600 980 crimen
622 919 676 980 erit
697 939 754 980 nec
774 918 867 997 gloria
886 920 1005 980 bellum.

265 1014 360 1075 uineis
380 1018 462 1092 apud
483 1036 607 1093 superos
627 1017 706 1078 uotis
728 1036 786 1092 me,
808 1019 926 1091 Caesar,
949 1017 1076 1096 iniquis:

266 1123 419 1192 pugnatur.
455 1127 600 1192 quantum
622 1118 766 1176 scelerum
787 1129 991 1192 quantumque
1013 1119 1157 1176 malorum

265 1211 296 1272 in
316 1213 443 1289 populos
463 1214 514 1272 lux
533 1213 590 1274 ista
609 1215 699 1275 seret!
728 1225 801 1290 quot
821 1233 912 1290 regna
931 1212 1088 1274 iacebunt!
1177 1230 1222 1285 115

266 1310 410 1386 sanguine
431 1313 572 1372 Romano
593 1331 683 1389 quam
704 1312 839 1372 turbidus
860 1310 915 1371 ibit
936 1312 1087 1390 Enipeus!

266 1405 362 1484 prima
381 1410 471 1470 uelim
492 1419 583 1486 caput
605 1410 664 1470 hoc
684 1408 793 1469 funesti
814 1410 919 1470 lancea
939 1409 1017 1483 belli,

266 1504 291 1564 si
312 1504 375 1566 sine
397 1518 551 1569 momento
571 1527 667 1568 rerum
688 1506 839 1584 partisque
860 1506 945 1567 ruina

266 1623 402 1663 casurum
423 1616 477 1677 est,
498 1604 600 1681 seriat3
628 1624 727 1682 neque
748 1605 828 1666 enim
849 1604 973 1665 uictoria
995 1607 1106 1683 Magno

266 1700 377 1762 laetior.
419 1712 470 1762 aut
490 1702 609 1779 populis
630 1700 759 1762 inuisum
781 1704 837 1763 hac
858 1704 943 1764 clade
963 1713 1083 1780 peracta
1177 1721 1223 1758 120

267 1809 318 1857 aut
337 1798 428 1860 hodie
449 1799 609 1877 Pompeius
630 1799 685 1860 erit
705 1799 872 1860 miserabile
893 1820 1013 1860 nomen.

268 1915 357 1957 omne
377 1900 489 1957 malum
510 1897 590 1970 uicti,
613 1899 694 1975 quod
716 1917 779 1958 sors
800 1899 872 1958 seret
894 1898 998 1957 ultima
1018 1916 1121 1968 rerum,
1185 1956 1189 1965 ,

268 2012 358 2055 omne
378 1999 461 2055 nefas
483 1995 604 2055 uictoris
625 1994 699 2055 erit'

413 2162 472 2220 Tae
492 2161 663 2236 Pompeiam
683 2162 766 2220 make
786 2163 873 2236 ready
883 2161 941 2236 for
959 2160 1051 2219 battle.

698 2282 741 2342 sic
760 2285 845 2358 fatur,
868 2295 897 2343 'et
918 2302 1000 2343 arma

269 2379 411 2458 permittit
431 2380 550 2466 populis
571 2382 729 2457 frenosque
750 2381 914 2441 furentibus
935 2380 978 2440 ira

269 2480 348 2539 laxat
368 2488 399 2539 et
417 2489 450 2539 ut
470 2478 567 2539 uictus
587 2478 719 2539 uiolento
741 2477 841 2538 nauita
863 2480 942 2539 Coro

269 2577 321 2637 dat
340 2576 471 2655 regimen
492 2576 599 2650 uentis,
620 2577 821 2654 ignauumque
842 2587 904 2636 arte
925 2576 1025 2636 relicta

269 2674 379 2752 puppis
400 2693 476 2734 onus
497 2674 628 2735 trahitur.
672 2673 788 2750 trepido
809 2674 932 2733 confusa
954 2676 1079 2734 tumultu

269 2783 365 2831 castra
383 2773 519 2846 fremunt,
541 2770 694 2848 animique
715 2783 813 2831 truces
834 2791 887 2830 sua
909 2782 1029 2848 pectora
1049 2772 1167 2846 pulsant

271 2868 377 2929 ictibus
397 2867 522 2930 incertis
569 2871 728 2930 multorum
750 2871 844 2946 pallor
864 2867 896 2927 in
917 2887 968 2928 ore

270 2963 372 3024 mortis
393 2976 562 3026 uenturaest
582 2967 734 3042 faciesque
755 2965 903 3025 simillima
923 2966 992 3027 sato.
1183 2985 1229 3035 130

271 3059 427 3122 aduenisse
447 3060 526 3120 diem
548 3060 713 3141 quitatum
734 3063 821 3122 rebus
842 3061 873 3120 in
893 3082 1001 3122 aeuum

270 3159 412 3221 conderet
433 3158 580 3234 humanis,
602 3171 633 3221 et
652 3161 761 3238 quaeri,
785 3163 885 3220 Roma
905 3159 977 3235 quid
998 3169 1083 3230 esset,

270 3257 323 3317 illo
344 3259 449 3330 Marte,
472 3260 573 3333 palam
594 3271 646 3320 est.
690 3279 744 3318 sua
764 3258 890 3335 quisque
911 3255 1041 3333 pericula
1061 3254 1154 3316 nescit

271 3351 415 3414 attonitus
435 3353 548 3414 maiore
570 3367 658 3415 metu.
703 3354 769 3432 quis
790 3353 875 3413 litora
895 3364 990 3430 ponto

272 3451 386 3523 obruta,
408 3449 475 3527 quis
496 3452 620 3512 summis
641 3472 765 3513 cernens
786 3451 816 3510 in
837 3450 989 3511 montibus
1007 3466 1126 3524 aequor,
1184 3466 1228 3520 135

272 3549 452 3624 aetheraque
472 3547 503 3606 in
525 3559 616 3609 terras
636 3549 754 3610 deiecto
775 3550 839 3608 sole
858 3548 1035 3618 cadentem„

272 3653 318 3703 tot
337 3663 432 3703 rerum
452 3645 553 3720 tinem,
577 3645 682 3710 timeat
705 3646 788 3710 sibi?
831 3667 901 3709 non
920 3653 1022 3707 uacat
1036 3639 1126 3698 miss
