2875 4234
232 397 273 444 20
482 393 619 442 LVCANI
643 392 692 440 DE
716 392 835 441 BELLO
857 392 972 441 CIVILI

269 543 405 599 Bistonas
426 551 478 600 aut
499 542 623 600 Mauors
644 538 759 616 agitans
781 539 805 598 si
827 540 948 599 uerbere
970 558 1061 598 saeuo

269 637 401 699 Palladia
422 638 554 699 stimulet
574 639 709 697 turbatos
731 636 836 715 aegide
857 658 967 711 currus,
1185 657 1237 710 570
1283 714 1286 719 .

267 756 328 795 nox
348 735 452 812 ingens
473 738 618 795 scelerum
639 745 702 808 est;
731 735 838 794 caedes
860 734 1004 806 oriuntur,
1026 746 1056 794 et
1077 734 1170 794 instar

267 833 430 894 immensae
451 833 535 894 uocis
555 831 692 909 gemitus,
714 844 744 892 et
766 833 899 909 pondere
921 830 997 909 lapsi
1030 840 1032 844 ’

267 930 395 1009 pectoris
415 952 496 992 arma
516 943 623 992 sonant
643 930 845 1007 confractique
868 931 988 992 ensibus
1010 950 1104 991 enses.
1174 945 1175 948 ’

267 1025 332 1103 ipse
352 1046 443 1086 manu
463 1025 570 1086 subicit
590 1025 704 1102 gladios
726 1045 762 1084 ac
784 1027 842 1086 tela
864 1024 1018 1096 ministrat,

267 1127 467 1200 aduersosque
487 1122 570 1182 iubet
590 1123 667 1182 ferro
688 1124 870 1184 confundere
891 1124 998 1183 uoltus.
1184 1142 1232 1195 575

267 1231 423 1297 promouet
443 1218 507 1296 ipse
527 1218 606 1279 acies
617 1239 626 1291 3
653 1218 770 1297 inpellit
791 1231 873 1296 terga
894 1239 1034 1278 suorum:

268 1319 389 1378 uerbere
410 1336 573 1377 conuersae
594 1316 738 1377 cessantis
760 1318 866 1377 excitat
887 1302 999 1374 hastae.

267 1417 298 1477 in
319 1419 438 1495 plebem
459 1426 541 1475 uetat
562 1415 603 1475 ire
625 1435 732 1476 manus
753 1426 958 1490 monstratque
979 1426 1143 1474 senatum.¹

268 1514 332 1587 scit,
353 1534 439 1572 cruor
459 1511 575 1588 imperii
596 1511 647 1589 qni
668 1512 713 1585 sit,
736 1533 814 1589 quae
835 1511 949 1571 uiscera
969 1531 1075 1585 rerum,

268 1616 348 1673 unde
368 1622 450 1689 petat
471 1614 610 1683 Romam,
633 1612 754 1671 libertas
776 1609 880 1670 ultima
901 1609 1006 1669 mundi
1185 1619 1233 1682 580

268 1731 328 1788 quo
350 1708 462 1770 steterit
483 1709 615 1769 ferienda
636 1711 711 1771 loco.
756 1709 901 1786 permixta
923 1708 1056 1768 secundo
1185 1719 1187 1723 ’

267 1808 371 1870 ordine
392 1807 533 1867 nobilitas
554 1810 785 1885 uenerandaque
807 1827 932 1884 corpora
953 1809 1029 1866 ferro

268 1919 437 1982 urguentur.
481 1907 610 1967 caedunt
632 1907 764 1983 Lepidos
785 1906 974 1981 caeduntque
997 1905 1137 1964 Metellos

267 2004 474 2081 Coruinosque
496 2005 583 2064 simul
604 2008 817 2081 Torquataque
840 2002 971 2074 nomina,
993 2021 1094 2078 regum

267 2124 355 2180 saepe
377 2104 468 2163 duces
489 2124 681 2180 summosque
701 2103 857 2162 hominurn
879 2114 917 2174 te,
941 2104 1061 2178 Magne,
1085 2114 1209 2162 remoto

488 2342 605 2398 Brutm
624 2343 698 2399 seeks
718 2349 747 2398 to
768 2341 826 2398 kz'll
848 2341 964 2398 Caesar.
1019 2351 1020 2355 ’

308 2504 373 2566 Illic
393 2504 511 2581 plebeia
532 2517 688 2565 contectus
709 2505 825 2565 casside
846 2506 946 2564 uoltus
1183 2516 1231 2580 586

266 2602 443 2680 ignotusque
464 2601 542 2661 hosti
564 2602 637 2678 quid
657 2603 772 2674 serrum,
797 2605 895 2670 Brute,
918 2603 1064 2662 tenebas?

268 2721 286 2759 o
307 2700 398 2758 decus
419 2697 544 2775 imperii,
566 2718 634 2774 spes
655 2720 674 2759 0
695 2719 834 2776 suprema
856 2711 985 2770 senatus,

268 2810 432 2859 extremum
453 2797 527 2856 tanti
548 2796 664 2873 generis
685 2817 738 2874 per
759 2798 875 2857 saecula
897 2817 1016 2870 nomen,

269 2917 307 2956 ne
327 2915 379 2954 rue
400 2914 453 2970 per
474 2894 590 2954 medios
612 2894 737 2953 nimium
759 2895 930 2954 temerarius
951 2897 1061 2968 hostes,
1182 2889 1232 2970 390

267 3015 323 3054 nec
345 2993 398 3053 tibi
419 2993 521 3052 fatales
543 2992 711 3052 admoueris
733 3003 803 3052 ante
825 2992 989 3070 Philippos,

267 3093 423 3153 Thessalia
444 3090 571 3167 periture
593 3102 652 3151 tua.
696 3090 738 3149 nil
759 3090 876 3167 proficis
897 3090 964 3150 istic

267 3189 402 3252 Caesaris
423 3189 553 3249 intentus
573 3188 693 3266 iugulo:
722 3189 858 3248 nondum
880 3187 974 3265 attigit
995 3209 1094 3249 arcern
1144 3183 1146 3186 ’

267 3289 336 3348 iuris
357 3298 388 3348 et
407 3289 569 3347 humanum
592 3290 740 3358 columen,
763 3306 825 3362 quo
845 3297 954 3346 cuncta
974 3298 1156 3363 premuntur,

267 3407 400 3464 egressus
421 3387 527 3446 meruit
547 3384 613 3445 fatis
636 3396 696 3445 tam
719 3383 821 3443 nobile
842 3386 942 3444 letum.
1181 3404 1229 3459 595

268 3484 350 3544 uiuat
371 3494 408 3555 et,
431 3493 463 3541 ut
485 3480 568 3542 Bruti
589 3482 766 3559 procumbat
787 3478 916 3555 uictima,
938 3493 1047 3558 regnet.
